"","url","inning_side","inning","next_","num","gameday_link","row_names","des","des_es","id","type","tfs","tfs_zulu","x","y","sv_id","start_speed","end_speed","sz_top","sz_bot","pfx_x","pfx_z","px","pz","x0","y0","z0","vx0","vy0","vz0","ax","ay","az","break_y","break_angle","break_length","pitch_type","type_confidence","zone","nasty","spin_dir","spin_rate","cc","mt","on_1b","on_2b","on_3b","count","pitcher","batter","b","s","o","start_tfs","start_tfs_zulu","stand","b_height","p_throws","atbat_des","atbat_des_es","event","score","home_team_runs","away_team_runs","event2","event3","batter_name","pitcher_name","event4","date"
"6","http://gd2.mlb.com/components/game/mlb/year_2011/month_03/day_31/gid_2011_03_31_detmlb_nyamlb_1/inning/inning_all.xml","top",9,"N",69,"gid_2011_03_31_detmlb_nyamlb_1","2266923","Foul",NA,579,"S","161043","2011-03-31T20:10:43Z",79.83,143.33,"110331_161022",90.7,83.6,3.16,1.58,0.89,9.19,0.631,2.665,-2.047,50,5.959,6.71,-132.705,-5.63,1.592,28.425,-15.718,"23.8","-9.9","3.9","FC",0.913,3,60,174.476,1807.432,"","",NA,NA,NA,"0-0",121250,276346,2,1,2,"161037","2011-03-31T20:10:37Z","R","5-11","R","Brandon Inge flies out sharply to center fielder Curtis Granderson.  ",NA,"Flyout",NA,NA,NA,NA,NA,"Brandon Inge","Mariano Rivera",NA,"2011_03_31"
"7","http://gd2.mlb.com/components/game/mlb/year_2011/month_03/day_31/gid_2011_03_31_detmlb_nyamlb_1/inning/inning_all.xml","top",9,"N",69,"gid_2011_03_31_detmlb_nyamlb_1","2266924","Ball",NA,580,"B","161101","2011-03-31T20:11:01Z",121.03,180.46,"110331_161040",89.1,84,3.15,1.33,1.3,9.45,-0.581,1.126,-2.357,50,5.801,4.178,-130.34,-9.185,2.285,21.069,-15.436,"23.9","-9.8","3.9","FC",0.89,13,56,172.228,1880.346,"","",NA,NA,NA,"0-1",121250,276346,2,1,2,"161037","2011-03-31T20:10:37Z","R","5-11","R","Brandon Inge flies out sharply to center fielder Curtis Granderson.  ",NA,"Flyout",NA,NA,NA,NA,NA,"Brandon Inge","Mariano Rivera",NA,"2011_03_31"
"8","http://gd2.mlb.com/components/game/mlb/year_2011/month_03/day_31/gid_2011_03_31_detmlb_nyamlb_1/inning/inning_all.xml","top",9,"N",69,"gid_2011_03_31_detmlb_nyamlb_1","2266925","Ball",NA,581,"B","161118","2011-03-31T20:11:18Z",86.7,173.55,"110331_161057",91.4,84,3.19,1.38,-0.6,10.25,0.447,1.422,-2.106,50,5.812,6.928,-133.647,-8.966,-1.087,30.148,-13.659,"23.8","-1.5","3.5","FC",0.864,9,47,183.358,2013.325,"","",NA,NA,NA,"1-1",121250,276346,2,1,2,"161037","2011-03-31T20:10:37Z","R","5-11","R","Brandon Inge flies out sharply to center fielder Curtis Granderson.  ",NA,"Flyout",NA,NA,NA,NA,NA,"Brandon Inge","Mariano Rivera",NA,"2011_03_31"
"9","http://gd2.mlb.com/components/game/mlb/year_2011/month_03/day_31/gid_2011_03_31_detmlb_nyamlb_1/inning/inning_all.xml","top",9,"N",69,"gid_2011_03_31_detmlb_nyamlb_1","2266926","In play, out(s)",NA,582,"X","161137","2011-03-31T20:11:37Z",91.85,148.51,"110331_161116",89.9,83.5,3.16,1.58,-0.22,10.16,0.277,2.45,-2.149,50,5.873,6.401,-131.619,-6.222,-0.394,25.657,-14.113,"23.8","-3.0","3.5","FC",0.9,6,27,181.248,1991.264,"","",NA,NA,NA,"2-1",121250,276346,2,1,2,"161037","2011-03-31T20:10:37Z","R","5-11","R","Brandon Inge flies out sharply to center fielder Curtis Granderson.  ",NA,"Flyout",NA,NA,NA,NA,NA,"Brandon Inge","Mariano Rivera",NA,"2011_03_31"
"10","http://gd2.mlb.com/components/game/mlb/year_2011/month_03/day_31/gid_2011_03_31_detmlb_nyamlb_1/inning/inning_all.xml","top",9,"N",68,"gid_2011_03_31_detmlb_nyamlb_1","2266920","Called Strike",NA,573,"S","160925","2011-03-31T20:09:25Z",88.41,161.47,"110331_160904",90,83.3,3.57,1.54,-0.42,11.55,0.349,1.962,-2.106,50,5.949,6.537,-131.644,-8.128,-0.74,26.748,-11.736,"23.8","-2.3","3.1","FC",0.903,9,55,182.072,2253.845,"","",NA,NA,NA,"0-0",121250,425509,0,2,1,"160915","2011-03-31T20:09:15Z","R","6-2","R","Jhonny Peralta flies out to right fielder Nick Swisher.  ",NA,"Flyout",NA,NA,NA,NA,NA,"Jhonny Peralta","Mariano Rivera",NA,"2011_03_31"
"11","http://gd2.mlb.com/components/game/mlb/year_2011/month_03/day_31/gid_2011_03_31_detmlb_nyamlb_1/inning/inning_all.xml","top",9,"N",68,"gid_2011_03_31_detmlb_nyamlb_1","2266921","Foul",NA,574,"S","160942","2011-03-31T20:09:42Z",98.71,139.88,"110331_160920",90.6,83.8,3.57,1.71,-0.32,10.98,0.057,2.816,-2.069,50,6.017,5.688,-132.596,-6.03,-0.569,26.794,-12.43,"23.8","-2.3","3.1","FC",0.892,5,21,181.649,2161.161,"","",NA,NA,NA,"0-1",121250,425509,0,2,1,"160915","2011-03-31T20:09:15Z","R","6-2","R","Jhonny Peralta flies out to right fielder Nick Swisher.  ",NA,"Flyout",NA,NA,NA,NA,NA,"Jhonny Peralta","Mariano Rivera",NA,"2011_03_31"
"12","http://gd2.mlb.com/components/game/mlb/year_2011/month_03/day_31/gid_2011_03_31_detmlb_nyamlb_1/inning/inning_all.xml","top",9,"N",68,"gid_2011_03_31_detmlb_nyamlb_1","2266922","In play, out(s)",NA,575,"X","161007","2011-03-31T20:10:07Z",111.59,150.24,"110331_160946",89.7,84.2,3.57,1.71,1.85,6.34,-0.324,2.351,-2.442,50,5.929,4.904,-131.308,-5.373,3.301,22.588,-20.804,"23.9","-10.6","5.0","FC",0.897,4,32,163.812,1308.109,"Mariano Rivera is trying to tie up Jhonny Peralta with fastballs inside, where Jhonny Peralta hits .000.","",NA,NA,NA,"0-2",121250,425509,0,2,1,"160915","2011-03-31T20:09:15Z","R","6-2","R","Jhonny Peralta flies out to right fielder Nick Swisher.  ",NA,"Flyout",NA,NA,NA,NA,NA,"Jhonny Peralta","Mariano Rivera",NA,"2011_03_31"
"13","http://gd2.mlb.com/components/game/mlb/year_2011/month_04/day_07/gid_2011_04_07_minmlb_nyamlb_1/inning/inning_all.xml","top",9,"N",69,"gid_2011_04_07_minmlb_nyamlb_1","2290963","Foul",NA,571,"S","161155","2011-04-07T20:11:55Z",72.96,154.56,"110407_161137",91.4,84,3.68,1.77,2.48,11.57,0.854,2.253,-2.033,50,5.891,6.757,-133.688,-7.448,4.472,30.049,-11.254,"23.8","-24.7","3.2","FC",0.919,14,70,167.935,2321.53,"","",NA,NA,NA,"0-0",121250,502143,2,1,2,"161150","2011-04-07T20:11:50Z","R","6-2","R","Danny Valencia flies out to left fielder Brett Gardner.  ",NA,"Flyout",NA,NA,NA,NA,NA,"Daniel Valencia","Mariano Rivera",NA,"2011_04_07"
"14","http://gd2.mlb.com/components/game/mlb/year_2011/month_04/day_07/gid_2011_04_07_minmlb_nyamlb_1/inning/inning_all.xml","top",9,"N",69,"gid_2011_04_07_minmlb_nyamlb_1","2290964","Ball",NA,572,"B","161216","2011-04-07T20:12:16Z",92.7,126.06,"110407_161157",90.2,83.2,3.63,1.56,2.95,9.89,0.237,3.456,-1.985,50,5.97,4.8,-132.215,-3.77,5.226,28.11,-14.583,"23.8","-22.0","3.8","FC",0.918,3,38,163.456,2013.623,"","",NA,NA,NA,"0-1",121250,502143,2,1,2,"161150","2011-04-07T20:11:50Z","R","6-2","R","Danny Valencia flies out to left fielder Brett Gardner.  ",NA,"Flyout",NA,NA,NA,NA,NA,"Daniel Valencia","Mariano Rivera",NA,"2011_04_07"
"15","http://gd2.mlb.com/components/game/mlb/year_2011/month_04/day_07/gid_2011_04_07_minmlb_nyamlb_1/inning/inning_all.xml","top",9,"N",69,"gid_2011_04_07_minmlb_nyamlb_1","2290965","Ball",NA,573,"B","161235","2011-04-07T20:12:35Z",156.22,127.79,"110407_161217",90.1,83.4,3.52,1.59,-5.29,4.71,-1.675,3.378,-2.108,50,6.019,2.928,-132.162,-2.366,-9.39,26.989,-23.724,"23.8","20.0","5.9","FF",0.982,11,30,228.015,1386.684,"","",NA,NA,NA,"1-1",121250,502143,2,1,2,"161150","2011-04-07T20:11:50Z","R","6-2","R","Danny Valencia flies out to left fielder Brett Gardner.  ",NA,"Flyout",NA,NA,NA,NA,NA,"Daniel Valencia","Mariano Rivera",NA,"2011_04_07"
"16","http://gd2.mlb.com/components/game/mlb/year_2011/month_04/day_07/gid_2011_04_07_minmlb_nyamlb_1/inning/inning_all.xml","top",9,"N",69,"gid_2011_04_07_minmlb_nyamlb_1","2290966","In play, out(s)",NA,574,"X","161259","2011-04-07T20:12:59Z",90.99,136.43,"110407_161241",89.7,83.1,3.68,1.77,3.44,8.69,0.292,3.014,-2.167,50,5.967,5.231,-131.452,-4.446,6.048,26.594,-16.82,"23.8","-21.7","4.4","FC",0.908,6,37,158.502,1821.284,"","",NA,NA,NA,"2-1",121250,502143,2,1,2,"161150","2011-04-07T20:11:50Z","R","6-2","R","Danny Valencia flies out to left fielder Brett Gardner.  ",NA,"Flyout",NA,NA,NA,NA,NA,"Daniel Valencia","Mariano Rivera",NA,"2011_04_07"
"17","http://gd2.mlb.com/components/game/mlb/year_2011/month_04/day_02/gid_2011_04_02_detmlb_nyamlb_1/inning/inning_all.xml","top",9,"N",82,"gid_2011_04_02_detmlb_nyamlb_1","2273053","Foul (Runner Going)",NA,691,"S","194052","2011-04-02T23:40:52Z",106.44,125.2,"110402_194032",89.1,82.6,3.42,1.61,0.68,5.71,-0.136,3.19,-2.067,50,6.008,4.758,-130.561,-2.981,1.181,26.212,-22.19,"23.8","-5.2","5.3","FC",0.879,2,49,173.256,1117.148,"","",430605,NA,276346,"0-0",121250,408234,0,2,3,"194052","2011-04-02T23:40:52Z","R","6-4","R","Miguel Cabrera grounds out, second baseman Robinson Cano to first baseman Mark Teixeira.  ",NA,"Groundout",NA,NA,NA,NA,NA,"Miguel Cabrera","Mariano Rivera",NA,"2011_04_02"
"18","http://gd2.mlb.com/components/game/mlb/year_2011/month_04/day_02/gid_2011_04_02_detmlb_nyamlb_1/inning/inning_all.xml","top",9,"N",82,"gid_2011_04_02_detmlb_nyamlb_1","2273054","Foul (Runner Going)",NA,692,"S","194116","2011-04-02T23:41:16Z",157.08,144.2,"110402_194055",89,82.8,3.42,1.61,-7.74,2.9,-1.678,2.614,-2.228,50,5.937,4.019,-130.368,-3.346,-13.431,25.203,-27.064,"23.9","24.6","7.1","FF",0.987,11,18,249.17,1599.172,"Mariano Rivera went back to the four-seam fastball even though Miguel Cabrera hit for a double last time up.","",430605,NA,276346,"0-1",121250,408234,0,2,3,"194052","2011-04-02T23:40:52Z","R","6-4","R","Miguel Cabrera grounds out, second baseman Robinson Cano to first baseman Mark Teixeira.  ",NA,"Groundout",NA,NA,NA,NA,NA,"Miguel Cabrera","Mariano Rivera",NA,"2011_04_02"
"19","http://gd2.mlb.com/components/game/mlb/year_2011/month_04/day_02/gid_2011_04_02_detmlb_nyamlb_1/inning/inning_all.xml","top",9,"N",82,"gid_2011_04_02_detmlb_nyamlb_1","2273055","In play, out(s)",NA,693,"X","194140","2011-04-02T23:41:40Z",84.98,123.47,"110402_194119",88.6,83.5,3.72,1.86,4,7.28,0.544,3.514,-1.827,50,6.067,4.789,-129.833,-2.876,7,20.628,-19.363,"23.9","-21.3","4.9","FC",0.898,3,53,151.349,1631.289,"","",430605,NA,276346,"0-2",121250,408234,0,2,3,"194052","2011-04-02T23:40:52Z","R","6-4","R","Miguel Cabrera grounds out, second baseman Robinson Cano to first baseman Mark Teixeira.  ",NA,"Groundout",NA,NA,NA,NA,NA,"Miguel Cabrera","Mariano Rivera",NA,"2011_04_02"
"25","http://gd2.mlb.com/components/game/mlb/year_2011/month_04/day_05/gid_2011_04_05_minmlb_nyamlb_1/inning/inning_all.xml","top",9,"Y",65,"gid_2011_04_05_minmlb_nyamlb_1","2283354","Called Strike",NA,534,"S","214526","2011-04-06T01:45:26Z",97.85,144.2,"110405_214507",91.2,84.5,3.71,1.54,1.72,11.16,0.083,2.658,-2.098,50,5.94,5.171,-133.487,-6.43,3.129,27.059,-11.843,"23.8","-17.5","3.1","FC",0.917,5,36,171.252,2235.658,"","",430585,NA,NA,"0-0",121250,502143,1,3,1,"214517","2011-04-06T01:45:17Z","R","6-2","R","Danny Valencia strikes out swinging.  ",NA,"Strikeout",NA,NA,NA,NA,NA,"Daniel Valencia","Mariano Rivera",NA,"2011_04_05"
"26","http://gd2.mlb.com/components/game/mlb/year_2011/month_04/day_05/gid_2011_04_05_minmlb_nyamlb_1/inning/inning_all.xml","top",9,"Y",65,"gid_2011_04_05_minmlb_nyamlb_1","2283355","Foul",NA,535,"S","214548","2011-04-06T01:45:48Z",132.19,156.29,"110405_214530",90.7,84.6,3.68,1.77,-5.56,4.18,-0.933,2.124,-2.157,50,5.805,5.131,-132.859,-5.04,-10.043,25.522,-24.55,"23.9","19.7","6.1","FF",0.982,13,56,232.796,1376.868,"","",430585,NA,NA,"0-1",121250,502143,1,3,1,"214517","2011-04-06T01:45:17Z","R","6-2","R","Danny Valencia strikes out swinging.  ",NA,"Strikeout",NA,NA,NA,NA,NA,"Daniel Valencia","Mariano Rivera",NA,"2011_04_05"
"27","http://gd2.mlb.com/components/game/mlb/year_2011/month_04/day_05/gid_2011_04_05_minmlb_nyamlb_1/inning/inning_all.xml","top",9,"Y",65,"gid_2011_04_05_minmlb_nyamlb_1","2283356","Ball",NA,536,"B","214616","2011-04-06T01:46:16Z",52.36,164.92,"110405_214558",90.6,83.4,3.54,1.7,1.68,12.87,1.446,1.758,-1.851,50,5.787,8.042,-132.407,-8.746,2.973,28.74,-9.297,"23.8","-22.6","2.8","FC",0.92,14,38,172.597,2527.709,"","",430585,NA,NA,"0-2",121250,502143,1,3,1,"214517","2011-04-06T01:45:17Z","R","6-2","R","Danny Valencia strikes out swinging.  ",NA,"Strikeout",NA,NA,NA,NA,NA,"Daniel Valencia","Mariano Rivera",NA,"2011_04_05"
"28","http://gd2.mlb.com/components/game/mlb/year_2011/month_04/day_05/gid_2011_04_05_minmlb_nyamlb_1/inning/inning_all.xml","top",9,"Y",65,"gid_2011_04_05_minmlb_nyamlb_1","2283357","Swinging Strike",NA,537,"S","214639","2011-04-06T01:46:39Z",163.95,158.88,"110405_214621",92.2,84.1,3.68,1.77,-10.44,7.42,-1.863,2.021,-2.258,50,5.742,4.635,-135.004,-6.354,-19.015,33.07,-18.592,"23.7","41.7","6.0","FF",0.987,13,29,234.462,2511.124,"","",430585,NA,NA,"1-2",121250,502143,1,3,1,"214517","2011-04-06T01:45:17Z","R","6-2","R","Danny Valencia strikes out swinging.  ",NA,"Strikeout",NA,NA,NA,NA,NA,"Daniel Valencia","Mariano Rivera",NA,"2011_04_05"
"29","http://gd2.mlb.com/components/game/mlb/year_2011/month_04/day_04/gid_2011_04_04_minmlb_nyamlb_1/inning/inning_all.xml","top",9,"N",68,"gid_2011_04_04_minmlb_nyamlb_1","2280546","Called Strike",NA,524,"S","214550","2011-04-05T01:45:50Z",84.98,160.6,"110404_214531",91.8,84.8,3.59,1.67,0.5,11.08,0.475,1.937,-2.089,50,5.783,6.632,-134.22,-7.974,0.913,28.234,-11.835,"23.8","-9.5","3.0","FC",0.915,9,61,177.432,2200.654,"","",434705,NA,NA,"0-0",121250,502143,2,2,3,"214537","2011-04-05T01:45:37Z","R","6-2","R","Danny Valencia grounds out, third baseman Alex Rodriguez to first baseman Mark Teixeira.  ",NA,"Groundout",NA,NA,NA,NA,NA,"Daniel Valencia","Mariano Rivera",NA,"2011_04_04"
"30","http://gd2.mlb.com/components/game/mlb/year_2011/month_04/day_04/gid_2011_04_04_minmlb_nyamlb_1/inning/inning_all.xml","top",9,"N",68,"gid_2011_04_04_minmlb_nyamlb_1","2280547","Foul",NA,525,"S","214612","2011-04-05T01:46:12Z",84.12,153.69,"110404_214552",92,84.9,3.68,1.77,-0.76,14.78,0.501,2.181,-1.936,50,5.886,6.74,-134.402,-8.914,-1.396,28.045,-4.966,"23.8",".1","1.5","FC",0.904,9,43,182.935,2940.79,"","",434705,NA,NA,"0-1",121250,502143,2,2,3,"214537","2011-04-05T01:45:37Z","R","6-2","R","Danny Valencia grounds out, third baseman Alex Rodriguez to first baseman Mark Teixeira.  ",NA,"Groundout",NA,NA,NA,NA,NA,"Daniel Valencia","Mariano Rivera",NA,"2011_04_04"
"31","http://gd2.mlb.com/components/game/mlb/year_2011/month_04/day_04/gid_2011_04_04_minmlb_nyamlb_1/inning/inning_all.xml","top",9,"N",68,"gid_2011_04_04_minmlb_nyamlb_1","2280548","Ball",NA,526,"B","214638","2011-04-05T01:46:38Z",161.37,125.2,"110404_214619",89.5,83.4,3.53,1.61,0.26,10.32,-1.866,3.491,-2.5,50,5.943,1.564,-131.181,-3.729,0.456,23.95,-13.85,"23.9","-2.9","3.3","FC",0.902,11,32,178.576,2027.151,"","",434705,NA,NA,"0-2",121250,502143,2,2,3,"214537","2011-04-05T01:45:37Z","R","6-2","R","Danny Valencia grounds out, third baseman Alex Rodriguez to first baseman Mark Teixeira.  ",NA,"Groundout",NA,NA,NA,NA,NA,"Daniel Valencia","Mariano Rivera",NA,"2011_04_04"
"32","http://gd2.mlb.com/components/game/mlb/year_2011/month_04/day_04/gid_2011_04_04_minmlb_nyamlb_1/inning/inning_all.xml","top",9,"N",68,"gid_2011_04_04_minmlb_nyamlb_1","2280549","Foul",NA,527,"S","214703","2011-04-05T01:47:03Z",84.12,131.24,"110404_214644",91,83.6,3.68,1.77,-0.71,10.21,0.547,3.251,-1.909,50,5.947,6.696,-133.167,-4.456,-1.278,29.083,-13.803,"23.8","-.6","3.3","FC",0.676,3,44,183.978,2006.258,"","",434705,NA,NA,"1-2",121250,502143,2,2,3,"214537","2011-04-05T01:45:37Z","R","6-2","R","Danny Valencia grounds out, third baseman Alex Rodriguez to first baseman Mark Teixeira.  ",NA,"Groundout",NA,NA,NA,NA,NA,"Daniel Valencia","Mariano Rivera",NA,"2011_04_04"
"33","http://gd2.mlb.com/components/game/mlb/year_2011/month_04/day_04/gid_2011_04_04_minmlb_nyamlb_1/inning/inning_all.xml","top",9,"N",68,"gid_2011_04_04_minmlb_nyamlb_1","2280550","Ball",NA,528,"B","214728","2011-04-05T01:47:28Z",138.2,162.33,"110404_214708",90.5,84.1,3.67,1.62,4.14,6.76,-1.078,1.842,-2.426,50,5.73,2.127,-132.593,-6.405,7.427,26.451,-19.974,"23.8","-20.2","5.1","FC",0.891,13,58,148.669,1562.777,"","",434705,NA,NA,"1-2",121250,502143,2,2,3,"214537","2011-04-05T01:45:37Z","R","6-2","R","Danny Valencia grounds out, third baseman Alex Rodriguez to first baseman Mark Teixeira.  ",NA,"Groundout",NA,NA,NA,NA,NA,"Daniel Valencia","Mariano Rivera",NA,"2011_04_04"
"34","http://gd2.mlb.com/components/game/mlb/year_2011/month_04/day_04/gid_2011_04_04_minmlb_nyamlb_1/inning/inning_all.xml","top",9,"N",68,"gid_2011_04_04_minmlb_nyamlb_1","2280551","In play, out(s)",NA,529,"X","214759","2011-04-05T01:47:59Z",127.9,142.47,"110404_214740",90.8,84.5,3.68,1.77,1.19,8.6,-0.788,2.691,-2.368,50,5.85,3.759,-133.032,-5.207,2.16,25.511,-16.516,"23.9","-9.2","4.0","FC",0.908,13,43,172.147,1723.756,"","",434705,NA,NA,"2-2",121250,502143,2,2,3,"214537","2011-04-05T01:45:37Z","R","6-2","R","Danny Valencia grounds out, third baseman Alex Rodriguez to first baseman Mark Teixeira.  ",NA,"Groundout",NA,NA,NA,NA,NA,"Daniel Valencia","Mariano Rivera",NA,"2011_04_04"
"39","http://gd2.mlb.com/components/game/mlb/year_2011/month_04/day_04/gid_2011_04_04_minmlb_nyamlb_1/inning/inning_all.xml","top",9,"N",65,"gid_2011_04_04_minmlb_nyamlb_1","2280538","Foul",NA,505,"S","214202","2011-04-05T01:42:02Z",90.13,143.33,"110404_214143",92.2,84.4,3.13,1.48,0.75,12.7,0.364,2.714,-2.122,50,5.996,6.344,-134.903,-7.048,1.377,31.274,-8.863,"23.8","-15.0","2.4","FC",0.925,3,53,176.621,2511.296,"","",NA,NA,NA,"0-0",121250,430321,0,3,1,"214153","2011-04-05T01:41:53Z","R","6-3","R","Delmon Young called out on strikes.  ",NA,"Strikeout",NA,NA,NA,NA,NA,"Delmon Young","Mariano Rivera",NA,"2011_04_04"
"40","http://gd2.mlb.com/components/game/mlb/year_2011/month_04/day_04/gid_2011_04_04_minmlb_nyamlb_1/inning/inning_all.xml","top",9,"N",65,"gid_2011_04_04_minmlb_nyamlb_1","2280539","Foul",NA,506,"S","214221","2011-04-05T01:42:21Z",127.04,158.01,"110404_214202",91,84.4,3.13,1.48,-3.4,6.84,-0.818,2.065,-2.173,50,5.859,4.739,-133.183,-6.265,-6.15,26.733,-19.725,"23.8","14.1","4.8","FF",0.963,13,49,206.289,1512.541,"","",NA,NA,NA,"0-1",121250,430321,0,3,1,"214153","2011-04-05T01:41:53Z","R","6-3","R","Delmon Young called out on strikes.  ",NA,"Strikeout",NA,NA,NA,NA,NA,"Delmon Young","Mariano Rivera",NA,"2011_04_04"
"41","http://gd2.mlb.com/components/game/mlb/year_2011/month_04/day_04/gid_2011_04_04_minmlb_nyamlb_1/inning/inning_all.xml","top",9,"N",65,"gid_2011_04_04_minmlb_nyamlb_1","2280540","Called Strike",NA,507,"S","214300","2011-04-05T01:43:00Z",134.76,139.88,"110404_214241",90.9,83.5,3.46,1.57,-0.09,8.29,-1.066,2.844,-2.444,50,5.874,3.65,-133.2,-4.669,-0.165,29.495,-17.262,"23.8","-1.9","4.1","FC",0.833,11,56,180.632,1624.278,"","",NA,NA,NA,"0-2",121250,430321,0,3,1,"214153","2011-04-05T01:41:53Z","R","6-3","R","Delmon Young called out on strikes.  ",NA,"Strikeout",NA,NA,NA,NA,NA,"Delmon Young","Mariano Rivera",NA,"2011_04_04"
"47","http://gd2.mlb.com/components/game/mlb/year_2011/month_04/day_07/gid_2011_04_07_minmlb_nyamlb_1/inning/inning_all.xml","top",9,"N",70,"gid_2011_04_07_minmlb_nyamlb_1","2290967","In play, out(s)",NA,580,"X","161344","2011-04-07T20:13:44Z",108.15,156.29,"110407_161326",91,83.7,3.13,1.48,-5.69,6.6,-0.2,2.133,-2.025,50,5.906,6.73,-133.134,-6.044,-10.181,29.279,-20.282,"23.8","22.1","5.3","FF",0.98,5,45,220.566,1705.927,"Mariano Rivera has Twins batters hitting the ball into the ground so far.","",NA,NA,NA,"0-0",121250,430321,0,0,3,"161335","2011-04-07T20:13:35Z","R","6-3","R","Delmon Young grounds out, shortstop Derek Jeter to first baseman Mark Teixeira.  ",NA,"Groundout",NA,NA,NA,NA,NA,"Delmon Young","Mariano Rivera",NA,"2011_04_07"
"50","http://gd2.mlb.com/components/game/mlb/year_2011/month_04/day_16/gid_2011_04_16_texmlb_nyamlb_1/inning/inning_all.xml","top",9,"N",66,"gid_2011_04_16_texmlb_nyamlb_1","2327159","Called Strike",NA,529,"S","154331","2011-04-16T19:43:31Z",97,132.11,"110416_154319",89.1,83.5,3.65,1.66,5.72,7.04,0.196,3.047,-2.211,50,6.083,4.314,-130.592,-4.077,10.047,23.278,-19.747,"23.9","-27.7","5.3","FC",0.891,2,46,141.046,1775.304,"","",NA,NA,NA,"0-0",121250,443558,0,3,1,"154329","2011-04-16T19:43:29Z","R","6-2","R","Nelson Cruz strikes out swinging.  ",NA,"Strikeout",NA,NA,NA,NA,NA,"Nelson Cruz","Mariano Rivera",NA,"2011_04_16"
"51","http://gd2.mlb.com/components/game/mlb/year_2011/month_04/day_16/gid_2011_04_16_texmlb_nyamlb_1/inning/inning_all.xml","top",9,"N",66,"gid_2011_04_16_texmlb_nyamlb_1","2327160","Swinging Strike",NA,530,"S","154346","2011-04-16T19:43:46Z",93.56,130.38,"110416_154334",88.2,81.4,3.72,1.74,6.73,7.72,0.101,3.029,-2.159,50,6.035,3.536,-129.28,-3.935,11.375,27.33,-19.046,"23.8","-31.3","5.6","FC",0.892,5,25,139.093,1949.323,"","",NA,NA,NA,"0-1",121250,443558,0,3,1,"154329","2011-04-16T19:43:29Z","R","6-2","R","Nelson Cruz strikes out swinging.  ",NA,"Strikeout",NA,NA,NA,NA,NA,"Nelson Cruz","Mariano Rivera",NA,"2011_04_16"
"52","http://gd2.mlb.com/components/game/mlb/year_2011/month_04/day_16/gid_2011_04_16_texmlb_nyamlb_1/inning/inning_all.xml","top",9,"N",66,"gid_2011_04_16_texmlb_nyamlb_1","2327161","Swinging Strike",NA,531,"S","154402","2011-04-16T19:44:02Z",80.69,147.65,"110416_154350",88.9,81.8,3.72,1.74,2.87,9,0.518,2.127,-2.267,50,5.955,6.185,-130.051,-6.548,4.891,28.203,-16.741,"23.8","-18.7","4.6","FC",0.906,9,44,162.417,1806.016,"","",NA,NA,NA,"0-2",121250,443558,0,3,1,"154329","2011-04-16T19:43:29Z","R","6-2","R","Nelson Cruz strikes out swinging.  ",NA,"Strikeout",NA,NA,NA,NA,NA,"Nelson Cruz","Mariano Rivera",NA,"2011_04_16"
"53","http://gd2.mlb.com/components/game/mlb/year_2011/month_04/day_14/gid_2011_04_14_balmlb_nyamlb_1/inning/inning_all.xml","top",10,"N",78,"gid_2011_04_14_balmlb_nyamlb_1","2316573","Ball",NA,618,"B","220946","2011-04-15T02:09:46Z",161.37,151.1,"110414_220933",91.2,84.2,3.55,1.63,2.81,5.38,-1.812,2.438,-2.514,50,5.889,0.89,-133.683,-4.873,5.087,28.758,-22.367,"23.8","-12.7","5.4","FC",0.895,13,35,152.585,1198.957,"Mariano Rivera went back to the cutter even though Vladimir Guerrero hit for a single last time up.","",NA,NA,NA,"0-0",121250,115223,1,2,3,"220938","2011-04-15T02:09:38Z","R","6-3","R","Vladimir Guerrero grounds out, second baseman Robinson Cano to first baseman Mark Teixeira.  ",NA,"Groundout",NA,NA,NA,NA,NA,"Vladimir Guerrero","Mariano Rivera",NA,"2011_04_14"
"54","http://gd2.mlb.com/components/game/mlb/year_2011/month_04/day_14/gid_2011_04_14_balmlb_nyamlb_1/inning/inning_all.xml","top",10,"N",78,"gid_2011_04_14_balmlb_nyamlb_1","2316574","Foul",NA,619,"S","221003","2011-04-15T02:10:03Z",73.82,151.97,"110414_220950",92,84.2,3.4,1.63,1.08,10.42,0.827,2.286,-1.938,50,5.904,6.949,-134.55,-7.097,1.963,31.336,-13.146,"23.8","-13.4","3.4","FC",0.919,14,49,174.112,2062.579,"","",NA,NA,NA,"1-0",121250,115223,1,2,3,"220938","2011-04-15T02:09:38Z","R","6-3","R","Vladimir Guerrero grounds out, second baseman Robinson Cano to first baseman Mark Teixeira.  ",NA,"Groundout",NA,NA,NA,NA,NA,"Vladimir Guerrero","Mariano Rivera",NA,"2011_04_14"
"55","http://gd2.mlb.com/components/game/mlb/year_2011/month_04/day_14/gid_2011_04_14_balmlb_nyamlb_1/inning/inning_all.xml","top",10,"N",78,"gid_2011_04_14_balmlb_nyamlb_1","2316575","Foul",NA,620,"S","221029","2011-04-15T02:10:29Z",153.65,129.52,"110414_221015",90.8,84.7,3.4,1.63,-3.64,6.14,-1.557,3.275,-2.296,50,5.996,3.208,-133.065,-3.232,-6.624,24.672,-20.928,"23.9","15.7","5.0","FF",0.972,11,30,210.497,1423.014,"","",NA,NA,NA,"1-1",121250,115223,1,2,3,"220938","2011-04-15T02:09:38Z","R","6-3","R","Vladimir Guerrero grounds out, second baseman Robinson Cano to first baseman Mark Teixeira.  ",NA,"Groundout",NA,NA,NA,NA,NA,"Vladimir Guerrero","Mariano Rivera",NA,"2011_04_14"
"56","http://gd2.mlb.com/components/game/mlb/year_2011/month_04/day_14/gid_2011_04_14_balmlb_nyamlb_1/inning/inning_all.xml","top",10,"N",78,"gid_2011_04_14_balmlb_nyamlb_1","2316576","In play, out(s)",NA,621,"X","221119","2011-04-15T02:11:19Z",66.09,153.69,"110414_221053",90.4,83.3,3.4,1.63,2.2,10.02,1.051,2.234,-2.084,50,5.886,7.428,-132.133,-6.756,3.881,28.619,-14.412,"23.8","-18.8","3.9","FC",0.917,14,56,167.676,1996.228,"Mariano Rivera got Vladimir Guerrero to chase a cutter that he doesn't like to hit.","",NA,NA,NA,"1-2",121250,115223,1,2,3,"220938","2011-04-15T02:09:38Z","R","6-3","R","Vladimir Guerrero grounds out, second baseman Robinson Cano to first baseman Mark Teixeira.  ",NA,"Groundout",NA,NA,NA,NA,NA,"Vladimir Guerrero","Mariano Rivera",NA,"2011_04_14"
"64","http://gd2.mlb.com/components/game/mlb/year_2011/month_04/day_13/gid_2011_04_13_balmlb_nyamlb_1/inning/inning_all.xml","top",9,"N",73,"gid_2011_04_13_balmlb_nyamlb_1","2312365","Called Strike",NA,593,"S","215713","2011-04-14T01:57:13Z",65.24,150.24,"110413_215700",90,84.2,3.37,1.48,2.42,6.85,1.108,2.376,-2.148,50,5.97,7.692,-131.662,-5.596,4.301,24.156,-19.894,"23.9","-15.0","4.9","FC",0.907,14,62,160.699,1433.727,"","",NA,NA,NA,"0-0",121250,435180,0,2,2,"215702","2011-04-14T01:57:02Z","R","6-0","R","Robert Andino lines out to right fielder Nick Swisher.  ",NA,"Lineout",NA,NA,NA,NA,NA,"Robert Andino","Mariano Rivera",NA,"2011_04_13"
"65","http://gd2.mlb.com/components/game/mlb/year_2011/month_04/day_13/gid_2011_04_13_balmlb_nyamlb_1/inning/inning_all.xml","top",9,"N",73,"gid_2011_04_13_balmlb_nyamlb_1","2312366","Called Strike",NA,594,"S","215729","2011-04-14T01:57:29Z",109.87,165.78,"110413_215715",90.2,83.6,3.33,1.51,-0.09,8.92,-0.283,1.703,-2.264,50,5.948,5.2,-131.922,-7.955,-0.152,26.713,-16.306,"23.8","-2.7","4.1","FC",0.888,7,39,180.547,1745.127,"Mariano Rivera is trying to tie up Robert Andino with fastballs inside, where Robert Andino hits .000.","",NA,NA,NA,"0-1",121250,435180,0,2,2,"215702","2011-04-14T01:57:02Z","R","6-0","R","Robert Andino lines out to right fielder Nick Swisher.  ",NA,"Lineout",NA,NA,NA,NA,NA,"Robert Andino","Mariano Rivera",NA,"2011_04_13"
"66","http://gd2.mlb.com/components/game/mlb/year_2011/month_04/day_13/gid_2011_04_13_balmlb_nyamlb_1/inning/inning_all.xml","top",9,"N",73,"gid_2011_04_13_balmlb_nyamlb_1","2312367","Foul",NA,595,"S","215749","2011-04-14T01:57:49Z",71.24,141.61,"110413_215735",89.3,82.8,3.37,1.7,3.54,6.26,0.938,2.759,-2.061,50,5.991,6.565,-130.8,-4.258,6.157,26.695,-21.218,"23.8","-18.5","5.4","FC",0.905,12,50,150.666,1393.94,"","",NA,NA,NA,"0-2",121250,435180,0,2,2,"215702","2011-04-14T01:57:02Z","R","6-0","R","Robert Andino lines out to right fielder Nick Swisher.  ",NA,"Lineout",NA,NA,NA,NA,NA,"Robert Andino","Mariano Rivera",NA,"2011_04_13"
"67","http://gd2.mlb.com/components/game/mlb/year_2011/month_04/day_13/gid_2011_04_13_balmlb_nyamlb_1/inning/inning_all.xml","top",9,"N",73,"gid_2011_04_13_balmlb_nyamlb_1","2312368","Foul",NA,596,"S","215808","2011-04-14T01:58:08Z",135.62,131.24,"110413_215754",89,82.1,3.37,1.7,3.97,8.59,-1.049,3.207,-2.389,50,6.005,2.12,-130.414,-3.848,6.843,27.294,-17.294,"23.8","-21.9","4.6","FC",0.901,11,58,155.305,1821.968,"","",NA,NA,NA,"0-2",121250,435180,0,2,2,"215702","2011-04-14T01:57:02Z","R","6-0","R","Robert Andino lines out to right fielder Nick Swisher.  ",NA,"Lineout",NA,NA,NA,NA,NA,"Robert Andino","Mariano Rivera",NA,"2011_04_13"
"68","http://gd2.mlb.com/components/game/mlb/year_2011/month_04/day_13/gid_2011_04_13_balmlb_nyamlb_1/inning/inning_all.xml","top",9,"N",73,"gid_2011_04_13_balmlb_nyamlb_1","2312369","Foul",NA,597,"S","215827","2011-04-14T01:58:27Z",71.24,165.78,"110413_215814",89.1,83.7,3.37,1.7,1.32,7.36,0.853,1.763,-2.074,50,5.871,7.147,-130.348,-6.956,2.313,22.464,-19.191,"23.9","-9.6","4.8","FC",0.899,14,60,169.9,1467.77,"","",NA,NA,NA,"0-2",121250,435180,0,2,2,"215702","2011-04-14T01:57:02Z","R","6-0","R","Robert Andino lines out to right fielder Nick Swisher.  ",NA,"Lineout",NA,NA,NA,NA,NA,"Robert Andino","Mariano Rivera",NA,"2011_04_13"
"69","http://gd2.mlb.com/components/game/mlb/year_2011/month_04/day_13/gid_2011_04_13_balmlb_nyamlb_1/inning/inning_all.xml","top",9,"N",73,"gid_2011_04_13_balmlb_nyamlb_1","2312370","Foul",NA,598,"S","215849","2011-04-14T01:58:49Z",93.56,118.29,"110413_215836",89,83,3.37,1.7,3.16,8.39,0.158,3.766,-2.182,50,6.079,4.991,-130.382,-2.612,5.514,23.945,-17.471,"23.9","-19.6","4.4","FC",0.91,12,40,159.444,1747.293,"","",NA,NA,NA,"0-2",121250,435180,0,2,2,"215702","2011-04-14T01:57:02Z","R","6-0","R","Robert Andino lines out to right fielder Nick Swisher.  ",NA,"Lineout",NA,NA,NA,NA,NA,"Robert Andino","Mariano Rivera",NA,"2011_04_13"
"70","http://gd2.mlb.com/components/game/mlb/year_2011/month_04/day_13/gid_2011_04_13_balmlb_nyamlb_1/inning/inning_all.xml","top",9,"N",73,"gid_2011_04_13_balmlb_nyamlb_1","2312371","In play, out(s)",NA,599,"X","215928","2011-04-14T01:59:28Z",124.46,118.29,"110413_215914",90.7,84.5,3.37,1.7,-0.11,6.15,-0.744,3.753,-2.307,50,6.122,4.165,-132.936,-2.282,-0.208,24.901,-20.948,"23.9","-1.4","4.8","FC",0.788,11,60,181.06,1225.347,"Mariano Rivera has been getting the ball up so far; he has allowed 0 HR in 4.1 IP this year.","",NA,NA,NA,"0-2",121250,435180,0,2,2,"215702","2011-04-14T01:57:02Z","R","6-0","R","Robert Andino lines out to right fielder Nick Swisher.  ",NA,"Lineout",NA,NA,NA,NA,NA,"Robert Andino","Mariano Rivera",NA,"2011_04_13"
"77","http://gd2.mlb.com/components/game/mlb/year_2011/month_04/day_16/gid_2011_04_16_texmlb_nyamlb_1/inning/inning_all.xml","top",9,"N",68,"gid_2011_04_16_texmlb_nyamlb_1","2327164","Ball",NA,540,"B","154519","2011-04-16T19:45:19Z",126.18,144.2,"110416_154507",89.1,83.3,3.33,1.45,6.35,6.81,-1.023,2.504,-2.407,50,5.889,1.444,-130.61,-4.89,11.126,23.875,-20.179,"23.9","-28.4","5.5","FC",0.886,11,63,137.153,1817.289,"","",NA,NA,NA,"0-0",121250,150275,1,2,2,"154506","2011-04-16T19:45:06Z","R","5-11","R","Yorvit Torrealba doubles (3) on a fly ball to right fielder Nick Swisher.  ",NA,"Double",NA,NA,NA,NA,NA,"Yorvit Torrealba","Mariano Rivera",NA,"2011_04_16"
"78","http://gd2.mlb.com/components/game/mlb/year_2011/month_04/day_16/gid_2011_04_16_texmlb_nyamlb_1/inning/inning_all.xml","top",9,"N",68,"gid_2011_04_16_texmlb_nyamlb_1","2327165","Called Strike",NA,541,"S","154532","2011-04-16T19:45:32Z",95.28,149.38,"110416_154520",89.4,83.8,3.32,1.44,5.43,6.35,0.106,2.41,-2.217,50,5.914,4.205,-130.981,-5.113,9.594,23.366,-20.887,"23.9","-25.3","5.5","FC",0.889,5,20,139.636,1640.79,"","",NA,NA,NA,"1-0",121250,150275,1,2,2,"154506","2011-04-16T19:45:06Z","R","5-11","R","Yorvit Torrealba doubles (3) on a fly ball to right fielder Nick Swisher.  ",NA,"Double",NA,NA,NA,NA,NA,"Yorvit Torrealba","Mariano Rivera",NA,"2011_04_16"
"79","http://gd2.mlb.com/components/game/mlb/year_2011/month_04/day_16/gid_2011_04_16_texmlb_nyamlb_1/inning/inning_all.xml","top",9,"N",68,"gid_2011_04_16_texmlb_nyamlb_1","2327166","Called Strike",NA,542,"S","154549","2011-04-16T19:45:49Z",118.45,145.06,"110416_154537",88.6,81.5,3.38,1.64,4.71,5.99,-0.669,2.35,-2.462,50,5.876,3.023,-129.823,-4.724,7.983,28.666,-21.943,"23.8","-20.5","5.9","FC",0.893,4,42,142.037,1450.186,"Mariano Rivera is trying to tie up Yorvit Torrealba with fastballs inside, where Yorvit Torrealba hits .286.","",NA,NA,NA,"1-1",121250,150275,1,2,2,"154506","2011-04-16T19:45:06Z","R","5-11","R","Yorvit Torrealba doubles (3) on a fly ball to right fielder Nick Swisher.  ",NA,"Double",NA,NA,NA,NA,NA,"Yorvit Torrealba","Mariano Rivera",NA,"2011_04_16"
"80","http://gd2.mlb.com/components/game/mlb/year_2011/month_04/day_16/gid_2011_04_16_texmlb_nyamlb_1/inning/inning_all.xml","top",9,"N",68,"gid_2011_04_16_texmlb_nyamlb_1","2327167","Foul",NA,543,"S","154607","2011-04-16T19:46:07Z",121.89,151.1,"110416_154555",89.9,84.2,3.43,1.51,-2.52,4.27,-0.659,2.273,-2.496,50,5.787,5.668,-131.63,-4.521,-4.502,23.426,-24.471,"23.9","8.0","5.8","FF",0.923,4,41,210.303,983.366,"","",NA,NA,NA,"1-2",121250,150275,1,2,2,"154506","2011-04-16T19:45:06Z","R","5-11","R","Yorvit Torrealba doubles (3) on a fly ball to right fielder Nick Swisher.  ",NA,"Double",NA,NA,NA,NA,NA,"Yorvit Torrealba","Mariano Rivera",NA,"2011_04_16"
"81","http://gd2.mlb.com/components/game/mlb/year_2011/month_04/day_16/gid_2011_04_16_texmlb_nyamlb_1/inning/inning_all.xml","top",9,"N",68,"gid_2011_04_16_texmlb_nyamlb_1","2327168","In play, no out",NA,544,"X","154630","2011-04-16T19:46:30Z",88.41,126.93,"110416_154618",88.2,81.3,3.43,1.51,1.36,6.88,0.252,3.17,-2.231,50,6.018,5.882,-129.258,-3.247,2.298,27.288,-20.484,"23.8","-9.3","5.2","FC",0.907,3,42,168.88,1337.188,"","",NA,NA,NA,"1-2",121250,150275,1,2,2,"154506","2011-04-16T19:45:06Z","R","5-11","R","Yorvit Torrealba doubles (3) on a fly ball to right fielder Nick Swisher.  ",NA,"Double",NA,NA,NA,NA,NA,"Yorvit Torrealba","Mariano Rivera",NA,"2011_04_16"
"82","http://gd2.mlb.com/components/game/mlb/year_2011/month_04/day_14/gid_2011_04_14_balmlb_nyamlb_1/inning/inning_all.xml","top",10,"N",77,"gid_2011_04_14_balmlb_nyamlb_1","2316572","In play, out(s)",NA,613,"X","220925","2011-04-15T02:09:25Z",98.71,177.01,"110414_220851",92.1,84.7,3.66,1.81,0.24,9.83,0.066,1.322,-2.075,50,5.826,5.603,-134.706,-9.3,0.435,30.398,-14.115,"23.8","-5.8","3.6","FC",0.9,14,35,178.622,1945.517,"Mariano Rivera got Derrek Lee to chase a cutter that he doesn't like to hit.","",455976,NA,NA,"0-0",121250,117601,0,0,2,"220854","2011-04-15T02:08:54Z","R","6-5","R","Derrek Lee grounds into double play, shortstop Derek Jeter to second baseman Robinson Cano to first baseman Mark Teixeira.    Nick Markakis out at 2nd.  ",NA,"Grounded Into DP",NA,NA,NA,NA,NA,"Derrek Lee","Mariano Rivera",NA,"2011_04_14"
"85","http://gd2.mlb.com/components/game/mlb/year_2011/month_04/day_19/gid_2011_04_19_nyamlb_tormlb_1/inning/inning_all.xml","bottom",9,"Y",78,"gid_2011_04_19_nyamlb_tormlb_1","2338822","Ball",NA,651,"B","223031","2011-04-20T02:30:31Z",53.22,170.1,"110419_223016",91.9,85.4,3.46,1.56,0.78,3.65,1.382,1.357,-2.142,50,5.652,9.091,-134.355,-6.627,1.434,28.14,-25.4,"23.8","-6.8","5.9","FC",0.87,14,52,168.049,747.675,"","",NA,NA,488862,"0-0",121250,430832,4,0,1,"223018","2011-04-20T02:30:18Z","R","6-0","R","Jose Bautista walks.  Wild pitch by pitcher Mariano Rivera.    Yunel Escobar scores.  ",NA,"Walk","T","4","5","Wild Pitch",NA,"Jose Bautista","Mariano Rivera",NA,"2011_04_19"
"86","http://gd2.mlb.com/components/game/mlb/year_2011/month_04/day_19/gid_2011_04_19_nyamlb_tormlb_1/inning/inning_all.xml","bottom",9,"Y",78,"gid_2011_04_19_nyamlb_tormlb_1","2338823","Ball",NA,652,"B","223049","2011-04-20T02:30:49Z",62.66,132.97,"110419_223034",91.5,86.1,3.4,1.55,2.16,2.53,1.228,2.96,-2.102,50,5.744,8.133,-133.87,-2.289,4,22.841,-27.405,"23.9","-10.7","6.2","FC",0.904,12,52,140.013,674.555,"","",NA,NA,488862,"1-0",121250,430832,4,0,1,"223018","2011-04-20T02:30:18Z","R","6-0","R","Jose Bautista walks.  Wild pitch by pitcher Mariano Rivera.    Yunel Escobar scores.  ",NA,"Walk","T","4","5","Wild Pitch",NA,"Jose Bautista","Mariano Rivera",NA,"2011_04_19"
"87","http://gd2.mlb.com/components/game/mlb/year_2011/month_04/day_19/gid_2011_04_19_nyamlb_tormlb_1/inning/inning_all.xml","bottom",9,"Y",78,"gid_2011_04_19_nyamlb_tormlb_1","2338824","Ball",NA,653,"B","223106","2011-04-20T02:31:06Z",54.08,166.65,"110419_223050",91.4,85.9,3.45,1.67,0.53,2.04,1.31,1.532,-2.207,50,5.615,9.158,-133.591,-5.508,0.976,24.084,-28.355,"23.9","-4.8","6.5","FC",0.844,14,35,165.666,428.069,"","",NA,NA,488862,"2-0",121250,430832,4,0,1,"223018","2011-04-20T02:30:18Z","R","6-0","R","Jose Bautista walks.  Wild pitch by pitcher Mariano Rivera.    Yunel Escobar scores.  ",NA,"Walk","T","4","5","Wild Pitch",NA,"Jose Bautista","Mariano Rivera",NA,"2011_04_19"
"88","http://gd2.mlb.com/components/game/mlb/year_2011/month_04/day_19/gid_2011_04_19_nyamlb_tormlb_1/inning/inning_all.xml","bottom",9,"Y",78,"gid_2011_04_19_nyamlb_tormlb_1","2338825","Ball",NA,654,"B","223124","2011-04-20T02:31:24Z",26.61,194.28,"110419_223108",91,85.7,3.37,1.6,2.42,3.77,2.24,0.261,-2.049,50,5.567,10.485,-132.743,-9.214,4.388,24.053,-25.254,"23.9","-12.7","6.1","FC",0.892,14,20,147.622,895.539,"Mariano Rivera is having trouble locating his cutter.","",NA,NA,488862,"3-0",121250,430832,4,0,1,"223018","2011-04-20T02:30:18Z","R","6-0","R","Jose Bautista walks.  Wild pitch by pitcher Mariano Rivera.    Yunel Escobar scores.  ",NA,"Walk","T","4","5","Wild Pitch",NA,"Jose Bautista","Mariano Rivera",NA,"2011_04_19"
"98","http://gd2.mlb.com/components/game/mlb/year_2011/month_04/day_17/gid_2011_04_17_texmlb_nyamlb_1/inning/inning_all.xml","top",9,"N",72,"gid_2011_04_17_texmlb_nyamlb_1","2331837","Ball",NA,585,"B","230716","2011-04-18T03:07:16Z",70.39,153.69,"110417_230705",90.5,84,3.36,1.41,1.63,8.85,0.951,2.052,-2.257,50,5.855,7.845,-132.253,-6.842,2.905,26.43,-16.312,"23.8","-13.9","4.1","FC",0.913,14,68,169.623,1768.962,"","",NA,NA,NA,"0-0",121250,435079,3,3,2,"230655","2011-04-18T03:06:55Z","R","6-0","R","Ian Kinsler called out on strikes.  ",NA,"Strikeout",NA,NA,NA,NA,NA,"Ian Kinsler","Mariano Rivera",NA,"2011_04_17"
"99","http://gd2.mlb.com/components/game/mlb/year_2011/month_04/day_17/gid_2011_04_17_texmlb_nyamlb_1/inning/inning_all.xml","top",9,"N",72,"gid_2011_04_17_texmlb_nyamlb_1","2331838","Swinging Strike",NA,586,"S","230732","2011-04-18T03:07:32Z",84.98,126.06,"110417_230721",90.6,83.8,3.36,1.41,4.18,9.5,0.479,3.503,-2.197,50,6.044,5.597,-132.781,-3.795,7.477,27.653,-15.09,"23.8","-28.4","4.1","FC",0.911,12,52,156.364,2037.565,"","",NA,NA,NA,"1-0",121250,435079,3,3,2,"230655","2011-04-18T03:06:55Z","R","6-0","R","Ian Kinsler called out on strikes.  ",NA,"Strikeout",NA,NA,NA,NA,NA,"Ian Kinsler","Mariano Rivera",NA,"2011_04_17"
"100","http://gd2.mlb.com/components/game/mlb/year_2011/month_04/day_17/gid_2011_04_17_texmlb_nyamlb_1/inning/inning_all.xml","top",9,"N",72,"gid_2011_04_17_texmlb_nyamlb_1","2331839","Foul",NA,587,"S","230752","2011-04-18T03:07:52Z",95.28,146.79,"110417_230740",90.4,83.1,3.36,1.41,3.03,6.96,0.123,2.334,-2.25,50,5.855,5.162,-132.318,-5.375,5.339,29.614,-19.819,"23.8","-17.0","5.1","FC",0.907,5,21,156.631,1475.719,"","",NA,NA,NA,"1-1",121250,435079,3,3,2,"230655","2011-04-18T03:06:55Z","R","6-0","R","Ian Kinsler called out on strikes.  ",NA,"Strikeout",NA,NA,NA,NA,NA,"Ian Kinsler","Mariano Rivera",NA,"2011_04_17"
"101","http://gd2.mlb.com/components/game/mlb/year_2011/month_04/day_17/gid_2011_04_17_texmlb_nyamlb_1/inning/inning_all.xml","top",9,"N",72,"gid_2011_04_17_texmlb_nyamlb_1","2331840","Foul",NA,588,"S","230818","2011-04-18T03:08:18Z",57.51,164.06,"110417_230806",91.5,85,3.36,1.41,2.35,9.04,1.466,1.719,-2.042,50,5.753,8.476,-133.664,-7.727,4.284,26.775,-15.628,"23.8","-18.9","4.0","FC",0.912,14,27,165.486,1855.113,"","",NA,NA,NA,"1-2",121250,435079,3,3,2,"230655","2011-04-18T03:06:55Z","R","6-0","R","Ian Kinsler called out on strikes.  ",NA,"Strikeout",NA,NA,NA,NA,NA,"Ian Kinsler","Mariano Rivera",NA,"2011_04_17"
"102","http://gd2.mlb.com/components/game/mlb/year_2011/month_04/day_17/gid_2011_04_17_texmlb_nyamlb_1/inning/inning_all.xml","top",9,"N",72,"gid_2011_04_17_texmlb_nyamlb_1","2331841","Ball",NA,589,"B","230841","2011-04-18T03:08:41Z",109.01,184.78,"110417_230829",90.6,84.5,3.36,1.41,2.29,7.17,-0.243,0.769,-2.513,50,5.684,5.178,-132.431,-9.244,4.104,25.575,-19.229,"23.9","-13.5","4.9","FC",0.892,13,24,162.411,1487.687,"","",NA,NA,NA,"1-2",121250,435079,3,3,2,"230655","2011-04-18T03:06:55Z","R","6-0","R","Ian Kinsler called out on strikes.  ",NA,"Strikeout",NA,NA,NA,NA,NA,"Ian Kinsler","Mariano Rivera",NA,"2011_04_17"
"103","http://gd2.mlb.com/components/game/mlb/year_2011/month_04/day_17/gid_2011_04_17_texmlb_nyamlb_1/inning/inning_all.xml","top",9,"N",72,"gid_2011_04_17_texmlb_nyamlb_1","2331842","Foul",NA,590,"S","230916","2011-04-18T03:09:16Z",113.3,131.24,"110417_230905",91.6,84,3.36,1.41,1.54,9.5,-0.319,3.197,-2.357,50,5.972,4.86,-134.136,-4.522,2.785,30.221,-14.874,"23.8","-13.6","3.7","FC",0.92,1,41,170.857,1895.216,"Mariano Rivera is trying to tie up Ian Kinsler with fastballs inside, where Ian Kinsler hits .125.","",NA,NA,NA,"2-2",121250,435079,3,3,2,"230655","2011-04-18T03:06:55Z","R","6-0","R","Ian Kinsler called out on strikes.  ",NA,"Strikeout",NA,NA,NA,NA,NA,"Ian Kinsler","Mariano Rivera",NA,"2011_04_17"
"104","http://gd2.mlb.com/components/game/mlb/year_2011/month_04/day_17/gid_2011_04_17_texmlb_nyamlb_1/inning/inning_all.xml","top",9,"N",72,"gid_2011_04_17_texmlb_nyamlb_1","2331843","Ball",NA,591,"B","230942","2011-04-18T03:09:42Z",40.34,184.78,"110417_230930",91,85,3.36,1.41,2.95,7.26,1.72,0.748,-2.048,50,5.715,8.913,-132.819,-9.47,5.323,25.715,-19.005,"23.9","-18.3","4.9","FC",0.899,14,21,157.993,1551.516,"","",NA,NA,NA,"2-2",121250,435079,3,3,2,"230655","2011-04-18T03:06:55Z","R","6-0","R","Ian Kinsler called out on strikes.  ",NA,"Strikeout",NA,NA,NA,NA,NA,"Ian Kinsler","Mariano Rivera",NA,"2011_04_17"
"105","http://gd2.mlb.com/components/game/mlb/year_2011/month_04/day_17/gid_2011_04_17_texmlb_nyamlb_1/inning/inning_all.xml","top",9,"N",72,"gid_2011_04_17_texmlb_nyamlb_1","2331844","Called Strike",NA,592,"S","231005","2011-04-18T03:10:05Z",111.59,147.65,"110417_230954",90.3,83.7,3.34,1.48,5.75,8.6,-0.454,2.302,-2.532,50,5.862,3.483,-132.323,-6.103,10.228,27.255,-16.791,"23.8","-31.1","4.8","FC",0.892,4,33,146.382,2025.361,"","",NA,NA,NA,"3-2",121250,435079,3,3,2,"230655","2011-04-18T03:06:55Z","R","6-0","R","Ian Kinsler called out on strikes.  ",NA,"Strikeout",NA,NA,NA,NA,NA,"Ian Kinsler","Mariano Rivera",NA,"2011_04_17"
"106","http://gd2.mlb.com/components/game/mlb/year_2011/month_04/day_19/gid_2011_04_19_nyamlb_tormlb_1/inning/inning_all.xml","bottom",9,"Y",81,"gid_2011_04_19_nyamlb_tormlb_1","2338833","Foul",NA,680,"S","223743","2011-04-20T02:37:43Z",126.18,134.7,"110419_223728",91,84.2,3.62,1.74,-4.46,1.84,-0.744,3,-2.314,50,5.834,5.662,-133.27,-2.006,-8.041,27.777,-28.781,"23.8","13.3","6.7","FF",0.981,11,66,247.122,950.084,"","",150348,452252,NA,"0-0",121250,150040,0,2,1,"223757","2011-04-20T02:37:57Z","R","6-2","R","Jose Molina singles on a ground ball to left fielder Brett Gardner.    Adam Lind to 3rd.    John McDonald to 2nd.  ",NA,"Single",NA,NA,NA,NA,NA,"Jose Molina","Mariano Rivera",NA,"2011_04_19"
"107","http://gd2.mlb.com/components/game/mlb/year_2011/month_04/day_19/gid_2011_04_19_nyamlb_tormlb_1/inning/inning_all.xml","bottom",9,"Y",81,"gid_2011_04_19_nyamlb_tormlb_1","2338834","Foul",NA,681,"S","223814","2011-04-20T02:38:14Z",122.75,154.56,"110419_223758",91.9,85.8,3.62,1.74,-4.05,2.17,-0.728,1.964,-2.253,50,5.711,5.481,-134.572,-4.75,-7.522,25.854,-28.065,"23.9","12.7","6.5","FF",0.98,13,56,241.353,924.03,"","",150348,452252,NA,"0-1",121250,150040,0,2,1,"223757","2011-04-20T02:37:57Z","R","6-2","R","Jose Molina singles on a ground ball to left fielder Brett Gardner.    Adam Lind to 3rd.    John McDonald to 2nd.  ",NA,"Single",NA,NA,NA,NA,NA,"Jose Molina","Mariano Rivera",NA,"2011_04_19"
"108","http://gd2.mlb.com/components/game/mlb/year_2011/month_04/day_19/gid_2011_04_19_nyamlb_tormlb_1/inning/inning_all.xml","bottom",9,"Y",81,"gid_2011_04_19_nyamlb_tormlb_1","2338835","Foul",NA,682,"S","223838","2011-04-20T02:38:38Z",98.71,126.93,"110419_223823",91.6,85.3,3.62,1.74,0.72,4.95,0.012,3.332,-2.136,50,5.837,5.466,-134.185,-2.349,1.335,25.989,-22.98,"23.9","-5.7","5.2","FC",0.856,2,33,171.74,1004.462,"","",150348,452252,NA,"0-2",121250,150040,0,2,1,"223757","2011-04-20T02:37:57Z","R","6-2","R","Jose Molina singles on a ground ball to left fielder Brett Gardner.    Adam Lind to 3rd.    John McDonald to 2nd.  ",NA,"Single",NA,NA,NA,NA,NA,"Jose Molina","Mariano Rivera",NA,"2011_04_19"
"109","http://gd2.mlb.com/components/game/mlb/year_2011/month_04/day_19/gid_2011_04_19_nyamlb_tormlb_1/inning/inning_all.xml","bottom",9,"Y",81,"gid_2011_04_19_nyamlb_tormlb_1","2338836","Foul",NA,683,"S","223906","2011-04-20T02:39:06Z",77.25,129.52,"110419_223850",91.2,84.8,3.62,1.74,0.13,5.21,0.698,3.087,-2.182,50,5.815,7.576,-133.556,-2.945,0.236,26.499,-22.611,"23.8","-4.1","5.2","FC",0.773,3,47,178.588,1039.119,"","",150348,452252,NA,"0-2",121250,150040,0,2,1,"223757","2011-04-20T02:37:57Z","R","6-2","R","Jose Molina singles on a ground ball to left fielder Brett Gardner.    Adam Lind to 3rd.    John McDonald to 2nd.  ",NA,"Single",NA,NA,NA,NA,NA,"Jose Molina","Mariano Rivera",NA,"2011_04_19"
"110","http://gd2.mlb.com/components/game/mlb/year_2011/month_04/day_19/gid_2011_04_19_nyamlb_tormlb_1/inning/inning_all.xml","bottom",9,"Y",81,"gid_2011_04_19_nyamlb_tormlb_1","2338837","Foul",NA,684,"S","223937","2011-04-20T02:39:37Z",142.49,139.88,"110419_223922",91.5,84.5,3.62,1.74,-2.48,4.26,-1.35,2.65,-2.478,50,5.795,3.846,-134.166,-3.742,-4.532,28.782,-24.329,"23.8","8.5","5.6","FF",0.964,13,16,210.013,979.685,"","",150348,452252,NA,"0-2",121250,150040,0,2,1,"223757","2011-04-20T02:37:57Z","R","6-2","R","Jose Molina singles on a ground ball to left fielder Brett Gardner.    Adam Lind to 3rd.    John McDonald to 2nd.  ",NA,"Single",NA,NA,NA,NA,NA,"Jose Molina","Mariano Rivera",NA,"2011_04_19"
"111","http://gd2.mlb.com/components/game/mlb/year_2011/month_04/day_19/gid_2011_04_19_nyamlb_tormlb_1/inning/inning_all.xml","bottom",9,"Y",81,"gid_2011_04_19_nyamlb_tormlb_1","2338838","In play, no out",NA,685,"X","224006","2011-04-20T02:40:06Z",126.18,140.74,"110419_223951",89.9,84,3.62,1.74,3.11,1.99,-0.856,2.673,-2.553,50,5.712,3.378,-131.755,-2.486,5.539,24.677,-28.552,"23.9","-11.9","6.7","FC",0.889,13,50,123.182,728.734,"Mariano Rivera had Jose Molina down 0-2 but could not put him away.","",150348,452252,NA,"0-2",121250,150040,0,2,1,"223757","2011-04-20T02:37:57Z","R","6-2","R","Jose Molina singles on a ground ball to left fielder Brett Gardner.    Adam Lind to 3rd.    John McDonald to 2nd.  ",NA,"Single",NA,NA,NA,NA,NA,"Jose Molina","Mariano Rivera",NA,"2011_04_19"
"113","http://gd2.mlb.com/components/game/mlb/year_2011/month_04/day_19/gid_2011_04_19_nyamlb_tormlb_1/inning/inning_all.xml","bottom",9,"Y",76,"gid_2011_04_19_nyamlb_tormlb_1","2338817","Ball",NA,639,"B","222737","2011-04-20T02:27:37Z",82.4,123.47,"110419_222722",90.8,84.4,3.4,1.67,2.85,4.04,0.55,3.431,-1.992,50,5.933,5.725,-133.045,-1.888,5.147,26.381,-24.798,"23.8","-13.9","5.8","FC",0.91,12,68,145.094,980.776,"","",NA,NA,NA,"0-0",121250,488862,2,1,0,"222731","2011-04-20T02:27:31Z","R","6-2","R","Yunel Escobar doubles (2) on a fly ball to center fielder Curtis Granderson.  ",NA,"Double",NA,NA,NA,NA,NA,"Yunel Escobar","Mariano Rivera",NA,"2011_04_19"
"114","http://gd2.mlb.com/components/game/mlb/year_2011/month_04/day_19/gid_2011_04_19_nyamlb_tormlb_1/inning/inning_all.xml","bottom",9,"Y",76,"gid_2011_04_19_nyamlb_tormlb_1","2338818","Foul",NA,640,"S","222754","2011-04-20T02:27:54Z",72.1,144.2,"110419_222739",90.9,84.4,3.35,1.71,-1.77,5.79,0.906,2.543,-2.155,50,5.726,8.672,-132.943,-4.272,-3.203,26.217,-21.652,"23.8","4.0","5.1","FF",0.883,12,46,196.929,1200.269,"","",NA,NA,NA,"1-0",121250,488862,2,1,0,"222731","2011-04-20T02:27:31Z","R","6-2","R","Yunel Escobar doubles (2) on a fly ball to center fielder Curtis Granderson.  ",NA,"Double",NA,NA,NA,NA,NA,"Yunel Escobar","Mariano Rivera",NA,"2011_04_19"
"115","http://gd2.mlb.com/components/game/mlb/year_2011/month_04/day_19/gid_2011_04_19_nyamlb_tormlb_1/inning/inning_all.xml","bottom",9,"Y",76,"gid_2011_04_19_nyamlb_tormlb_1","2338819","Ball",NA,641,"B","222817","2011-04-20T02:28:17Z",54.08,143.33,"110419_222802",91.5,84.9,3.35,1.54,-0.05,3.34,1.357,2.516,-2.134,50,5.773,9.26,-133.775,-3.716,-0.082,27.203,-26.003,"23.8","-3.6","6.0","FC",0.571,12,22,180.759,669.3,"","",NA,NA,NA,"1-1",121250,488862,2,1,0,"222731","2011-04-20T02:27:31Z","R","6-2","R","Yunel Escobar doubles (2) on a fly ball to center fielder Curtis Granderson.  ",NA,"Double",NA,NA,NA,NA,NA,"Yunel Escobar","Mariano Rivera",NA,"2011_04_19"
"116","http://gd2.mlb.com/components/game/mlb/year_2011/month_04/day_19/gid_2011_04_19_nyamlb_tormlb_1/inning/inning_all.xml","bottom",9,"Y",76,"gid_2011_04_19_nyamlb_tormlb_1","2338820","In play, no out",NA,642,"X","222837","2011-04-20T02:28:37Z",91.85,137.29,"110419_222822",90.7,84.4,3.35,1.71,2.61,4.56,0.191,2.723,-2.187,50,5.761,5.368,-132.873,-3.466,4.714,26.048,-23.868,"23.9","-13.1","5.7","FC",0.905,5,26,150.425,1042.774,"","",NA,NA,NA,"2-1",121250,488862,2,1,0,"222731","2011-04-20T02:27:31Z","R","6-2","R","Yunel Escobar doubles (2) on a fly ball to center fielder Curtis Granderson.  ",NA,"Double",NA,NA,NA,NA,NA,"Yunel Escobar","Mariano Rivera",NA,"2011_04_19"
"117","http://gd2.mlb.com/components/game/mlb/year_2011/month_04/day_17/gid_2011_04_17_texmlb_nyamlb_1/inning/inning_all.xml","top",9,"N",73,"gid_2011_04_17_texmlb_nyamlb_1","2331845","Called Strike",NA,596,"S","231036","2011-04-18T03:10:36Z",67.81,153.69,"110417_231025",90.9,84.9,3.37,1.51,3.85,7.34,1.015,2.111,-2.146,50,5.876,7.019,-133.024,-6.381,6.986,25.301,-18.78,"23.9","-22.4","4.8","FC",0.901,14,67,152.456,1647.53,"","",NA,NA,NA,"0-0",121250,462101,3,2,3,"231024","2011-04-18T03:10:24Z","R","6-0","R","Elvis Andrus grounds out softly, third baseman Eric Chavez to first baseman Mark Teixeira.  ",NA,"Groundout",NA,NA,NA,NA,NA,"Elvis Andrus","Mariano Rivera",NA,"2011_04_17"
"118","http://gd2.mlb.com/components/game/mlb/year_2011/month_04/day_17/gid_2011_04_17_texmlb_nyamlb_1/inning/inning_all.xml","top",9,"N",73,"gid_2011_04_17_texmlb_nyamlb_1","2331846","Ball",NA,597,"B","231052","2011-04-18T03:10:52Z",57.51,181.33,"110417_231040",90.2,84,3.37,1.62,4.35,8.13,1.423,0.962,-2.141,50,5.735,7.821,-131.759,-9.055,7.696,26.282,-17.714,"23.9","-25.1","4.9","FC",0.894,14,21,151.978,1803.634,"","",NA,NA,NA,"0-1",121250,462101,3,2,3,"231024","2011-04-18T03:10:24Z","R","6-0","R","Elvis Andrus grounds out softly, third baseman Eric Chavez to first baseman Mark Teixeira.  ",NA,"Groundout",NA,NA,NA,NA,NA,"Elvis Andrus","Mariano Rivera",NA,"2011_04_17"
"119","http://gd2.mlb.com/components/game/mlb/year_2011/month_04/day_17/gid_2011_04_17_texmlb_nyamlb_1/inning/inning_all.xml","top",9,"N",73,"gid_2011_04_17_texmlb_nyamlb_1","2331847","Called Strike",NA,598,"S","231109","2011-04-18T03:11:09Z",77.25,158.88,"110417_231057",90.4,83.8,3.37,1.49,4.2,3.98,0.684,1.974,-2.158,50,5.773,6.006,-132.347,-5.15,7.462,27.701,-25.017,"23.8","-18.3","6.3","FC",0.896,9,47,133.806,1133.405,"","",NA,NA,NA,"1-1",121250,462101,3,2,3,"231024","2011-04-18T03:10:24Z","R","6-0","R","Elvis Andrus grounds out softly, third baseman Eric Chavez to first baseman Mark Teixeira.  ",NA,"Groundout",NA,NA,NA,NA,NA,"Elvis Andrus","Mariano Rivera",NA,"2011_04_17"
"120","http://gd2.mlb.com/components/game/mlb/year_2011/month_04/day_17/gid_2011_04_17_texmlb_nyamlb_1/inning/inning_all.xml","top",9,"N",73,"gid_2011_04_17_texmlb_nyamlb_1","2331848","Ball",NA,599,"B","231131","2011-04-18T03:11:31Z",64.38,169.24,"110417_231119",90.6,84.8,3.37,1.62,3.64,6.36,1.073,1.339,-2.153,50,5.797,7.236,-132.51,-7.792,6.55,25.042,-20.657,"23.9","-19.4","5.3","FC",0.895,14,64,150.373,1450.595,"","",NA,NA,NA,"1-2",121250,462101,3,2,3,"231024","2011-04-18T03:10:24Z","R","6-0","R","Elvis Andrus grounds out softly, third baseman Eric Chavez to first baseman Mark Teixeira.  ",NA,"Groundout",NA,NA,NA,NA,NA,"Elvis Andrus","Mariano Rivera",NA,"2011_04_17"
"121","http://gd2.mlb.com/components/game/mlb/year_2011/month_04/day_17/gid_2011_04_17_texmlb_nyamlb_1/inning/inning_all.xml","top",9,"N",73,"gid_2011_04_17_texmlb_nyamlb_1","2331849","Ball",NA,600,"B","231157","2011-04-18T03:11:57Z",59.23,164.06,"110417_231145",91.5,84.9,3.37,1.62,2.33,8.61,1.286,1.63,-2.184,50,5.82,8.375,-133.676,-7.969,4.234,27.567,-16.446,"23.8","-17.9","4.2","FC",0.911,14,60,164.935,1767.725,"","",NA,NA,NA,"2-2",121250,462101,3,2,3,"231024","2011-04-18T03:10:24Z","R","6-0","R","Elvis Andrus grounds out softly, third baseman Eric Chavez to first baseman Mark Teixeira.  ",NA,"Groundout",NA,NA,NA,NA,NA,"Elvis Andrus","Mariano Rivera",NA,"2011_04_17"
"122","http://gd2.mlb.com/components/game/mlb/year_2011/month_04/day_17/gid_2011_04_17_texmlb_nyamlb_1/inning/inning_all.xml","top",9,"N",73,"gid_2011_04_17_texmlb_nyamlb_1","2331850","In play, out(s)",NA,601,"X","231218","2011-04-18T03:12:18Z",87.55,141.61,"110417_231206",89.9,83.4,3.37,1.62,3.08,6.54,0.321,2.649,-2.398,50,5.782,6.039,-131.645,-4.21,5.424,26.67,-20.563,"23.8","-17.1","5.1","FC",0.908,6,30,154.962,1412.313,"","",NA,NA,NA,"3-2",121250,462101,3,2,3,"231024","2011-04-18T03:10:24Z","R","6-0","R","Elvis Andrus grounds out softly, third baseman Eric Chavez to first baseman Mark Teixeira.  ",NA,"Groundout",NA,NA,NA,NA,NA,"Elvis Andrus","Mariano Rivera",NA,"2011_04_17"
"123","http://gd2.mlb.com/components/game/mlb/year_2011/month_04/day_19/gid_2011_04_19_nyamlb_tormlb_1/inning/inning_all.xml","bottom",9,"Y",80,"gid_2011_04_19_nyamlb_tormlb_1","2338832","In play, run(s)",NA,673,"X","223651","2011-04-20T02:36:51Z",103.86,107.07,"110419_223636",90,82.2,3.24,1.59,-1.16,1.02,-0.183,4.042,-2.084,50,5.913,5.32,-131.914,0.998,-2.023,30.83,-30.327,"23.7","1.6","7.0","FF",0.963,11,40,227.603,301.27,"","",452252,NA,430832,"0-0",121250,150348,0,0,1,"223639","2011-04-20T02:36:39Z","R","5-9","R","John McDonald singles on a bunt ground ball to first baseman Mark Teixeira.    Jose Bautista scores.    Adam Lind to 2nd.  ",NA,"Single","T","5","5",NA,NA,"John McDonald","Mariano Rivera",NA,"2011_04_19"
"133","http://gd2.mlb.com/components/game/mlb/year_2011/month_04/day_24/gid_2011_04_24_nyamlb_balmlb_1/inning/inning_all.xml","bottom",9,"Y",69,"gid_2011_04_24_nyamlb_balmlb_1","2358825","Foul",NA,550,"S","161551","2011-04-24T20:15:51Z",89.27,145.06,"110424_161614",91.3,85.4,3.41,1.54,0.72,8.95,0.508,2.47,-2.165,50,6.05,6.85,-133.616,-6.553,1.313,24.557,-15.668,"23.9","-8.5","3.7","FC",0.911,6,50,175.454,1797.858,"","",NA,NA,NA,"0-0",121250,430945,4,2,0,"161532","2011-04-24T20:15:32Z","R","6-3","R","Adam Jones walks.  ",NA,"Walk",NA,NA,NA,NA,NA,"Adam Jones","Mariano Rivera",NA,"2011_04_24"
"134","http://gd2.mlb.com/components/game/mlb/year_2011/month_04/day_24/gid_2011_04_24_nyamlb_balmlb_1/inning/inning_all.xml","bottom",9,"Y",69,"gid_2011_04_24_nyamlb_balmlb_1","2358826","Ball",NA,551,"B","161610","2011-04-24T20:16:10Z",94.42,185.64,"110424_161637",91.3,84.9,3.56,1.69,-2.48,3.06,-0.44,0.882,-2.479,50,5.794,6.237,-133.466,-7.946,-4.505,27.249,-26.551,"23.9","6.8","6.3","FF",0.937,13,30,218.7,783.196,"Mariano Rivera went back to the four-seam fastball even though Adam Jones hit for a single last time up.","",NA,NA,NA,"0-1",121250,430945,4,2,0,"161532","2011-04-24T20:15:32Z","R","6-3","R","Adam Jones walks.  ",NA,"Walk",NA,NA,NA,NA,NA,"Adam Jones","Mariano Rivera",NA,"2011_04_24"
"135","http://gd2.mlb.com/components/game/mlb/year_2011/month_04/day_24/gid_2011_04_24_nyamlb_balmlb_1/inning/inning_all.xml","bottom",9,"Y",69,"gid_2011_04_24_nyamlb_balmlb_1","2358827","Swinging Strike",NA,552,"S","161633","2011-04-24T20:16:33Z",93.56,160.6,"110424_161657",91.1,85.3,3.41,1.54,-7.13,3.68,-0.836,0.732,-2.476,50,5.772,6.792,-133.138,-8.523,-12.975,24.737,-25.402,"23.9","23.7","6.5","FF",0.985,13,48,242.438,1594.853,"","",NA,NA,NA,"1-1",121250,430945,4,2,0,"161532","2011-04-24T20:15:32Z","R","6-3","R","Adam Jones walks.  ",NA,"Walk",NA,NA,NA,NA,NA,"Adam Jones","Mariano Rivera",NA,"2011_04_24"
"136","http://gd2.mlb.com/components/game/mlb/year_2011/month_04/day_24/gid_2011_04_24_nyamlb_balmlb_1/inning/inning_all.xml","bottom",9,"Y",69,"gid_2011_04_24_nyamlb_balmlb_1","2358828","Foul",NA,553,"S","161706","2011-04-24T20:17:06Z",115.88,157.15,"110424_161728",92.1,85.8,3.41,1.54,-5.04,4.91,-1.071,1.245,-2.557,50,5.805,5.719,-134.706,-7.871,-9.36,26.561,-22.997,"23.9","18.8","5.6","FF",0.98,13,67,225.565,1411.76,"","",NA,NA,NA,"1-2",121250,430945,4,2,0,"161532","2011-04-24T20:15:32Z","R","6-3","R","Adam Jones walks.  ",NA,"Walk",NA,NA,NA,NA,NA,"Adam Jones","Mariano Rivera",NA,"2011_04_24"
"137","http://gd2.mlb.com/components/game/mlb/year_2011/month_04/day_24/gid_2011_04_24_nyamlb_balmlb_1/inning/inning_all.xml","bottom",9,"Y",69,"gid_2011_04_24_nyamlb_balmlb_1","2358829","Ball",NA,554,"B","161736","2011-04-24T20:17:36Z",64.38,171.83,"110424_161800",92.5,86.5,3.63,1.63,3.04,6.54,1.631,1.404,-2.213,50,5.812,9.239,-135.059,-8.11,5.691,25.913,-19.864,"23.9","-18.9","4.9","FC",0.905,14,41,155.19,1456.792,"","",NA,NA,NA,"1-2",121250,430945,4,2,0,"161532","2011-04-24T20:15:32Z","R","6-3","R","Adam Jones walks.  ",NA,"Walk",NA,NA,NA,NA,NA,"Adam Jones","Mariano Rivera",NA,"2011_04_24"
"138","http://gd2.mlb.com/components/game/mlb/year_2011/month_04/day_24/gid_2011_04_24_nyamlb_balmlb_1/inning/inning_all.xml","bottom",9,"Y",69,"gid_2011_04_24_nyamlb_balmlb_1","2358830","Ball",NA,555,"B","161758","2011-04-24T20:17:58Z",68.67,132.11,"110424_161820",91.9,85.6,3.53,1.66,4.37,6.29,1.586,3.026,-2.152,50,5.947,8.447,-134.519,-3.95,8.09,26.637,-20.459,"23.9","-24.4","5.1","FC",0.911,12,24,145.373,1535.444,"","",NA,NA,NA,"2-2",121250,430945,4,2,0,"161532","2011-04-24T20:15:32Z","R","6-3","R","Adam Jones walks.  ",NA,"Walk",NA,NA,NA,NA,NA,"Adam Jones","Mariano Rivera",NA,"2011_04_24"
"139","http://gd2.mlb.com/components/game/mlb/year_2011/month_04/day_24/gid_2011_04_24_nyamlb_balmlb_1/inning/inning_all.xml","bottom",9,"Y",69,"gid_2011_04_24_nyamlb_balmlb_1","2358831","Foul",NA,556,"S","161817","2011-04-24T20:18:17Z",83.26,153.69,"110424_161842",92.4,85,3.41,1.54,5.96,7.58,1.191,1.75,-2.21,50,5.717,6.99,-135.12,-7.137,10.945,31.271,-18.184,"23.8","-32.1","5.2","FC",0.898,14,57,141.963,1907.178,"","",NA,NA,NA,"3-2",121250,430945,4,2,0,"161532","2011-04-24T20:15:32Z","R","6-3","R","Adam Jones walks.  ",NA,"Walk",NA,NA,NA,NA,NA,"Adam Jones","Mariano Rivera",NA,"2011_04_24"
"140","http://gd2.mlb.com/components/game/mlb/year_2011/month_04/day_24/gid_2011_04_24_nyamlb_balmlb_1/inning/inning_all.xml","bottom",9,"Y",69,"gid_2011_04_24_nyamlb_balmlb_1","2358832","Foul",NA,557,"S","161844","2011-04-24T20:18:44Z",89.27,155.42,"110424_161910",91.4,85.8,3.41,1.54,1.83,9.77,0.433,2.693,-2.442,50,5.916,7.025,-133.803,-5.958,3.378,23.232,-14.019,"23.9","-16.8","3.4","FC",0.916,6,35,169.462,2002.272,"","",NA,NA,NA,"3-2",121250,430945,4,2,0,"161532","2011-04-24T20:15:32Z","R","6-3","R","Adam Jones walks.  ",NA,"Walk",NA,NA,NA,NA,NA,"Adam Jones","Mariano Rivera",NA,"2011_04_24"
"141","http://gd2.mlb.com/components/game/mlb/year_2011/month_04/day_24/gid_2011_04_24_nyamlb_balmlb_1/inning/inning_all.xml","bottom",9,"Y",69,"gid_2011_04_24_nyamlb_balmlb_1","2358833","Foul",NA,558,"S","161919","2011-04-24T20:19:19Z",85.84,157.15,"110424_161944",93.2,86.3,3.41,1.54,4.06,8.36,0.18,2.059,-2.452,50,5.76,5.677,-136.433,-6.959,7.669,29.258,-16.303,"23.8","-26.4","4.3","FC",0.905,8,30,154.211,1874.368,"","",NA,NA,NA,"3-2",121250,430945,4,2,0,"161532","2011-04-24T20:15:32Z","R","6-3","R","Adam Jones walks.  ",NA,"Walk",NA,NA,NA,NA,NA,"Adam Jones","Mariano Rivera",NA,"2011_04_24"
"142","http://gd2.mlb.com/components/game/mlb/year_2011/month_04/day_24/gid_2011_04_24_nyamlb_balmlb_1/inning/inning_all.xml","bottom",9,"Y",69,"gid_2011_04_24_nyamlb_balmlb_1","2358834","Ball",NA,559,"B","161950","2011-04-24T20:19:50Z",129.61,132.11,"110424_162009",90,83.8,3.49,1.63,4.02,4.86,-1.288,1.901,-2.78,50,5.792,2.531,-131.924,-5.677,7.145,26.045,-23.47,"23.9","-17.2","5.9","FC",0.888,13,55,140.619,1238.387,"","",NA,NA,NA,"3-2",121250,430945,4,2,0,"161532","2011-04-24T20:15:32Z","R","6-3","R","Adam Jones walks.  ",NA,"Walk",NA,NA,NA,NA,NA,"Adam Jones","Mariano Rivera",NA,"2011_04_24"
"159","http://gd2.mlb.com/components/game/mlb/year_2011/month_04/day_30/gid_2011_04_30_tormlb_nyamlb_1/inning/inning_all.xml","top",9,"N",69,"gid_2011_04_30_tormlb_nyamlb_1","2382552","Ball",NA,552,"B","185050","2011-04-30T22:50:50Z",92.7,126.93,"110430_185048",90.5,83.8,3.32,1.53,2.55,7.8,0.256,3.319,-2.089,50,6.055,5.284,-132.599,-3.719,4.561,26.985,-18.15,"23.8","-16.5","4.5","FC",0.915,3,58,161.986,1613.492,"","",NA,NA,NA,"0-0",121250,429665,1,1,2,"185040","2011-04-30T22:50:40Z","R","6-2","R","Edwin Encarnacion flies out to center fielder Curtis Granderson.  ",NA,"Flyout",NA,NA,NA,NA,NA,"Edwin Encarnacion","Mariano Rivera",NA,"2011_04_30"
"160","http://gd2.mlb.com/components/game/mlb/year_2011/month_04/day_30/gid_2011_04_30_tormlb_nyamlb_1/inning/inning_all.xml","top",9,"N",69,"gid_2011_04_30_tormlb_nyamlb_1","2382553","Called Strike",NA,553,"S","185110","2011-04-30T22:51:10Z",87.55,164.06,"110430_185107",90.8,84.1,3.31,1.52,0.45,8.74,0.434,1.772,-2,50,5.881,6.238,-132.811,-7.659,0.803,27.51,-16.441,"23.8","-6.4","4.1","FC",0.901,9,43,177.08,1720.856,"","",NA,NA,NA,"1-0",121250,429665,1,1,2,"185040","2011-04-30T22:50:40Z","R","6-2","R","Edwin Encarnacion flies out to center fielder Curtis Granderson.  ",NA,"Flyout",NA,NA,NA,NA,NA,"Edwin Encarnacion","Mariano Rivera",NA,"2011_04_30"
"161","http://gd2.mlb.com/components/game/mlb/year_2011/month_04/day_30/gid_2011_04_30_tormlb_nyamlb_1/inning/inning_all.xml","top",9,"N",69,"gid_2011_04_30_tormlb_nyamlb_1","2382554","In play, out(s)",NA,554,"X","185126","2011-04-30T22:51:26Z",82.4,131.24,"110430_185123",90.5,84.2,3.33,1.51,0.78,8.95,0.483,3.152,-2.048,50,5.987,6.386,-132.517,-4.409,1.407,25.287,-15.999,"23.9","-8.7","3.8","FC",0.914,3,46,175.03,1777.509,"Mariano Rivera has been getting the ball up so far; he has allowed 0 HR in 11.2 IP this year.","",NA,NA,NA,"1-1",121250,429665,1,1,2,"185040","2011-04-30T22:50:40Z","R","6-2","R","Edwin Encarnacion flies out to center fielder Curtis Granderson.  ",NA,"Flyout",NA,NA,NA,NA,NA,"Edwin Encarnacion","Mariano Rivera",NA,"2011_04_30"
"169","http://gd2.mlb.com/components/game/mlb/year_2011/month_04/day_27/gid_2011_04_27_chamlb_nyamlb_1/inning/inning_all.xml","top",9,"N",65,"gid_2011_04_27_chamlb_nyamlb_1","2367181","Called Strike",NA,473,"S","211336","2011-04-28T01:13:36Z",104.72,137.29,"110427_211331",91.5,84.7,3.32,1.48,-0.05,9.06,-0.103,2.802,-2.158,50,5.955,5.46,-133.938,-5.426,-0.084,27.418,-15.549,"23.8","-3.4","3.7","FC",0.873,2,43,180.288,1800.801,"","",NA,NA,NA,"0-0",121250,425567,2,2,2,"211334","2011-04-28T01:13:34Z","R","6-5","R","Alex Rios flies out to left fielder Brett Gardner.  ",NA,"Flyout",NA,NA,NA,NA,NA,"Alex Rios","Mariano Rivera",NA,"2011_04_27"
"170","http://gd2.mlb.com/components/game/mlb/year_2011/month_04/day_27/gid_2011_04_27_chamlb_nyamlb_1/inning/inning_all.xml","top",9,"N",65,"gid_2011_04_27_chamlb_nyamlb_1","2367182","Foul",NA,474,"S","211355","2011-04-28T01:13:55Z",97,128.65,"110427_211350",90.8,83.9,3.27,1.36,3.79,8.7,0.147,3.266,-2.148,50,6.088,4.736,-132.98,-4.279,6.809,27.875,-16.487,"23.8","-24.1","4.3","FC",0.909,2,38,156.538,1865.682,"","",NA,NA,NA,"0-1",121250,425567,2,2,2,"211334","2011-04-28T01:13:34Z","R","6-5","R","Alex Rios flies out to left fielder Brett Gardner.  ",NA,"Flyout",NA,NA,NA,NA,NA,"Alex Rios","Mariano Rivera",NA,"2011_04_27"
"171","http://gd2.mlb.com/components/game/mlb/year_2011/month_04/day_27/gid_2011_04_27_chamlb_nyamlb_1/inning/inning_all.xml","top",9,"N",65,"gid_2011_04_27_chamlb_nyamlb_1","2367183","Foul",NA,475,"S","211417","2011-04-28T01:14:17Z",74.68,139.02,"110427_211412",91.1,84.3,3.27,1.36,3.39,8.95,0.811,2.704,-2.059,50,5.91,6.407,-133.394,-5.432,6.127,27.926,-15.928,"23.8","-23.5","4.2","FC",0.912,12,51,159.338,1888.382,"","",NA,NA,NA,"0-2",121250,425567,2,2,2,"211334","2011-04-28T01:13:34Z","R","6-5","R","Alex Rios flies out to left fielder Brett Gardner.  ",NA,"Flyout",NA,NA,NA,NA,NA,"Alex Rios","Mariano Rivera",NA,"2011_04_27"
"172","http://gd2.mlb.com/components/game/mlb/year_2011/month_04/day_27/gid_2011_04_27_chamlb_nyamlb_1/inning/inning_all.xml","top",9,"N",65,"gid_2011_04_27_chamlb_nyamlb_1","2367184","Foul",NA,476,"S","211443","2011-04-28T01:14:43Z",60.94,158.88,"110427_211438",91,84.3,3.27,1.36,2.64,8.99,1.175,1.95,-2.073,50,5.841,7.64,-133.04,-7.207,4.757,27.587,-15.928,"23.8","-19.7","4.2","FC",0.911,14,51,163.681,1845.988,"","",NA,NA,NA,"0-2",121250,425567,2,2,2,"211334","2011-04-28T01:13:34Z","R","6-5","R","Alex Rios flies out to left fielder Brett Gardner.  ",NA,"Flyout",NA,NA,NA,NA,NA,"Alex Rios","Mariano Rivera",NA,"2011_04_27"
"173","http://gd2.mlb.com/components/game/mlb/year_2011/month_04/day_27/gid_2011_04_27_chamlb_nyamlb_1/inning/inning_all.xml","top",9,"N",65,"gid_2011_04_27_chamlb_nyamlb_1","2367185","Ball",NA,477,"B","211521","2011-04-28T01:15:21Z",151.93,124.34,"110427_211516",90.2,84.1,3.27,1.36,2.01,6.45,-1.591,3.409,-2.534,50,6.001,1.79,-132.323,-2.896,3.612,25.028,-20.529,"23.9","-10.6","4.8","FC",0.902,11,35,162.769,1336.759,"","",NA,NA,NA,"0-2",121250,425567,2,2,2,"211334","2011-04-28T01:13:34Z","R","6-5","R","Alex Rios flies out to left fielder Brett Gardner.  ",NA,"Flyout",NA,NA,NA,NA,NA,"Alex Rios","Mariano Rivera",NA,"2011_04_27"
"174","http://gd2.mlb.com/components/game/mlb/year_2011/month_04/day_27/gid_2011_04_27_chamlb_nyamlb_1/inning/inning_all.xml","top",9,"N",65,"gid_2011_04_27_chamlb_nyamlb_1","2367186","Ball",NA,478,"B","211540","2011-04-28T01:15:40Z",157.94,170.1,"110427_211535",89.7,84.1,3.27,1.36,2.84,7.22,-1.744,1.553,-2.61,50,5.715,1.297,-131.376,-7.188,5.045,23.186,-19.257,"23.9","-14.4","4.8","FC",0.886,13,29,158.667,1531.358,"","",NA,NA,NA,"1-2",121250,425567,2,2,2,"211334","2011-04-28T01:13:34Z","R","6-5","R","Alex Rios flies out to left fielder Brett Gardner.  ",NA,"Flyout",NA,NA,NA,NA,NA,"Alex Rios","Mariano Rivera",NA,"2011_04_27"
"175","http://gd2.mlb.com/components/game/mlb/year_2011/month_04/day_27/gid_2011_04_27_chamlb_nyamlb_1/inning/inning_all.xml","top",9,"N",65,"gid_2011_04_27_chamlb_nyamlb_1","2367187","In play, out(s)",NA,479,"X","211603","2011-04-28T01:16:03Z",88.41,128.65,"110427_211557",90.9,84.6,3.27,1.36,3.26,10.22,0.391,3.243,-2.066,50,6.042,5.366,-133.149,-4.824,5.914,25.793,-13.554,"23.9","-25.5","3.6","FC",0.912,3,46,162.381,2128.697,"","",NA,NA,NA,"2-2",121250,425567,2,2,2,"211334","2011-04-28T01:13:34Z","R","6-5","R","Alex Rios flies out to left fielder Brett Gardner.  ",NA,"Flyout",NA,NA,NA,NA,NA,"Alex Rios","Mariano Rivera",NA,"2011_04_27"
"176","http://gd2.mlb.com/components/game/mlb/year_2011/month_04/day_30/gid_2011_04_30_tormlb_nyamlb_1/inning/inning_all.xml","top",9,"N",71,"gid_2011_04_30_tormlb_nyamlb_1","2382563","Ball",NA,571,"B","185538","2011-04-30T22:55:38Z",89.27,123.47,"110430_185535",91.1,84.5,3.5,1.45,4.5,6.97,0.335,3.367,-2.052,50,5.948,4.762,-133.457,-3.13,8.155,27.157,-19.464,"23.8","-24.3","4.9","FC",0.906,3,59,147.316,1641.626,"","",NA,279913,NA,"0-0",121250,453454,2,2,3,"185536","2011-04-30T22:55:36Z","R","5-9","R","Mike McCoy flies out to right fielder Nick Swisher.  ",NA,"Flyout",NA,NA,NA,NA,NA,"Mike McCoy","Mariano Rivera",NA,"2011_04_30"
"177","http://gd2.mlb.com/components/game/mlb/year_2011/month_04/day_30/gid_2011_04_30_tormlb_nyamlb_1/inning/inning_all.xml","top",9,"N",71,"gid_2011_04_30_tormlb_nyamlb_1","2382564","Ball",NA,572,"B","185556","2011-04-30T22:55:56Z",59.23,169.24,"110430_185553",91.2,85.8,3.44,1.69,1.02,6.71,1.321,1.428,-2.047,50,5.782,8.587,-133.303,-7.835,1.868,23.07,-19.766,"23.9","-8.7","4.7","FC",0.902,14,35,171.44,1365.623,"","",NA,279913,NA,"1-0",121250,453454,2,2,3,"185536","2011-04-30T22:55:36Z","R","5-9","R","Mike McCoy flies out to right fielder Nick Swisher.  ",NA,"Flyout",NA,NA,NA,NA,NA,"Mike McCoy","Mariano Rivera",NA,"2011_04_30"
"178","http://gd2.mlb.com/components/game/mlb/year_2011/month_04/day_30/gid_2011_04_30_tormlb_nyamlb_1/inning/inning_all.xml","top",9,"N",71,"gid_2011_04_30_tormlb_nyamlb_1","2382565","Swinging Strike",NA,573,"S","185620","2011-04-30T22:56:20Z",90.99,134.7,"110430_185617",90.6,84.5,3.29,1.69,4.05,6.71,0.302,2.987,-1.973,50,5.907,4.601,-132.701,-3.896,7.31,25.055,-19.987,"23.9","-21.4","5.0","FC",0.902,3,36,149.045,1553.673,"","",NA,279913,NA,"2-0",121250,453454,2,2,3,"185536","2011-04-30T22:55:36Z","R","5-9","R","Mike McCoy flies out to right fielder Nick Swisher.  ",NA,"Flyout",NA,NA,NA,NA,NA,"Mike McCoy","Mariano Rivera",NA,"2011_04_30"
"179","http://gd2.mlb.com/components/game/mlb/year_2011/month_04/day_30/gid_2011_04_30_tormlb_nyamlb_1/inning/inning_all.xml","top",9,"N",71,"gid_2011_04_30_tormlb_nyamlb_1","2382566","Called Strike",NA,574,"S","185643","2011-04-30T22:56:43Z",87.55,169.24,"110430_185640",91.8,85.2,3.41,1.38,2.16,9.06,0.418,1.445,-2.054,50,5.741,5.825,-134.275,-8.511,3.967,27.359,-15.45,"23.8","-16.5","3.9","FC",0.906,9,46,166.657,1857.094,"","",NA,279913,NA,"2-1",121250,453454,2,2,3,"185536","2011-04-30T22:55:36Z","R","5-9","R","Mike McCoy flies out to right fielder Nick Swisher.  ",NA,"Flyout",NA,NA,NA,NA,NA,"Mike McCoy","Mariano Rivera",NA,"2011_04_30"
"180","http://gd2.mlb.com/components/game/mlb/year_2011/month_04/day_30/gid_2011_04_30_tormlb_nyamlb_1/inning/inning_all.xml","top",9,"N",71,"gid_2011_04_30_tormlb_nyamlb_1","2382567","In play, out(s)",NA,575,"X","185710","2011-04-30T22:57:10Z",106.44,144.2,"110430_185707",91.8,85.4,3.29,1.69,2.71,8.02,-0.221,2.572,-2.17,50,5.841,4.258,-134.504,-5.481,5.008,26.403,-17.254,"23.9","-17.6","4.2","FC",0.908,5,25,161.447,1697.533,"","",NA,279913,NA,"2-2",121250,453454,2,2,3,"185536","2011-04-30T22:55:36Z","R","5-9","R","Mike McCoy flies out to right fielder Nick Swisher.  ",NA,"Flyout",NA,NA,NA,NA,NA,"Mike McCoy","Mariano Rivera",NA,"2011_04_30"
"181","http://gd2.mlb.com/components/game/mlb/year_2011/month_04/day_24/gid_2011_04_24_nyamlb_balmlb_1/inning/inning_all.xml","bottom",9,"Y",70,"gid_2011_04_24_nyamlb_balmlb_1","2358835","Called Strike",NA,564,"S","162032","2011-04-24T20:20:32Z",87.55,151.97,"110424_162055",90.5,83.7,3.52,1.59,-2.41,2.33,-0.311,1.904,-2.405,50,5.903,6.297,-132.495,-5.113,-4.283,28.455,-27.959,"23.8","6.0","6.7","FF",0.962,7,56,225.458,657.989,"Mariano Rivera went back to the four-seam fastball even though Mark Reynolds hit for a home run last time up.","",430945,NA,NA,"0-0",121250,448602,2,3,1,"162011","2011-04-24T20:20:11Z","R","6-2","R","Mark Reynolds called out on strikes.  ",NA,"Strikeout",NA,NA,NA,NA,NA,"Mark Reynolds","Mariano Rivera",NA,"2011_04_24"
"182","http://gd2.mlb.com/components/game/mlb/year_2011/month_04/day_24/gid_2011_04_24_nyamlb_balmlb_1/inning/inning_all.xml","bottom",9,"Y",70,"gid_2011_04_24_nyamlb_balmlb_1","2358836","Ball",NA,565,"B","162113","2011-04-24T20:21:13Z",69.53,150.24,"110424_162138",90.7,84.7,3.45,1.55,1.91,5.92,0.904,2.363,-2.371,50,5.965,7.971,-132.744,-5.422,3.44,25.196,-21.41,"23.9","-12.2","5.1","FC",0.908,14,53,162.279,1235.032,"","",430945,NA,NA,"0-1",121250,448602,2,3,1,"162011","2011-04-24T20:20:11Z","R","6-2","R","Mark Reynolds called out on strikes.  ",NA,"Strikeout",NA,NA,NA,NA,NA,"Mark Reynolds","Mariano Rivera",NA,"2011_04_24"
"183","http://gd2.mlb.com/components/game/mlb/year_2011/month_04/day_24/gid_2011_04_24_nyamlb_balmlb_1/inning/inning_all.xml","bottom",9,"Y",70,"gid_2011_04_24_nyamlb_balmlb_1","2358837","Foul Tip",NA,566,"S","162140","2011-04-24T20:21:40Z",89.27,148.51,"110424_162204",90.9,84.9,3.39,1.59,-5.02,4.39,-0.874,2.828,-2.627,50,6.004,6.364,-133.113,-3.842,-9.142,24.427,-24.108,"23.9","18.0","5.8","FF",0.98,11,52,228.577,1328.754,"","",430945,NA,NA,"1-1",121250,448602,2,3,1,"162011","2011-04-24T20:20:11Z","R","6-2","R","Mark Reynolds called out on strikes.  ",NA,"Strikeout",NA,NA,NA,NA,NA,"Mark Reynolds","Mariano Rivera",NA,"2011_04_24"
"184","http://gd2.mlb.com/components/game/mlb/year_2011/month_04/day_24/gid_2011_04_24_nyamlb_balmlb_1/inning/inning_all.xml","bottom",9,"Y",70,"gid_2011_04_24_nyamlb_balmlb_1","2358838","Ball",NA,568,"B","162237","2011-04-24T20:22:37Z",76.39,186.51,"110424_162300",90.4,84.3,3.38,1.51,2.47,6.94,1.692,1.037,-2.061,50,5.95,8.97,-131.996,-9.064,4.397,26.079,-19.755,"23.9","-15.6","5.1","FC",0.9,14,27,160.505,1448.014,"","",430945,NA,NA,"1-2",121250,448602,2,3,1,"162011","2011-04-24T20:20:11Z","R","6-2","R","Mark Reynolds called out on strikes.  ",NA,"Strikeout",NA,NA,NA,NA,NA,"Mark Reynolds","Mariano Rivera",NA,"2011_04_24"
"185","http://gd2.mlb.com/components/game/mlb/year_2011/month_04/day_24/gid_2011_04_24_nyamlb_balmlb_1/inning/inning_all.xml","bottom",9,"Y",70,"gid_2011_04_24_nyamlb_balmlb_1","2358839","Foul",NA,569,"S","162304","2011-04-24T20:23:04Z",109.87,152.83,"110424_162358",91,84.7,3.39,1.59,-4.75,3.43,-1.39,2.27,-2.459,50,5.862,4.455,-133.25,-4.585,-8.626,26.173,-25.876,"23.9","16.3","6.2","FF",0.981,13,20,233.865,1162.856,"","",430945,NA,NA,"2-2",121250,448602,2,3,1,"162011","2011-04-24T20:20:11Z","R","6-2","R","Mark Reynolds called out on strikes.  ",NA,"Strikeout",NA,NA,NA,NA,NA,"Mark Reynolds","Mariano Rivera",NA,"2011_04_24"
"186","http://gd2.mlb.com/components/game/mlb/year_2011/month_04/day_24/gid_2011_04_24_nyamlb_balmlb_1/inning/inning_all.xml","bottom",9,"Y",70,"gid_2011_04_24_nyamlb_balmlb_1","2358841","Called Strike",NA,571,"S","162523","2011-04-24T20:25:23Z",119.31,141.61,"110424_162542",90.2,83.9,3.44,1.51,3.74,4.38,-1.364,2.485,-2.727,50,5.873,2.295,-132.25,-4.235,6.677,26.351,-24.283,"23.8","-15.8","5.9","FC",0.892,11,21,139.765,1133.951,"Mariano Rivera has his out pitch working today, recording 15 of his 22 strikeouts with it so far.","",430945,NA,NA,"2-2",121250,448602,2,3,1,"162011","2011-04-24T20:20:11Z","R","6-2","R","Mark Reynolds called out on strikes.  ",NA,"Strikeout",NA,NA,NA,NA,NA,"Mark Reynolds","Mariano Rivera",NA,"2011_04_24"
"187","http://gd2.mlb.com/components/game/mlb/year_2011/month_04/day_24/gid_2011_04_24_nyamlb_balmlb_1/inning/inning_all.xml","bottom",9,"Y",72,"gid_2011_04_24_nyamlb_balmlb_1","2358849","Called Strike",NA,587,"S","163030","2011-04-24T20:30:30Z",87.55,154.56,"110424_163058",89.4,83.6,3.01,1.42,1.74,7.33,1.01,2.256,-2.258,50,5.945,7.895,-130.706,-5.872,3.057,23.716,-19.238,"23.9","-12.2","4.8","FC",0.907,12,62,166.706,1475.39,"","",430945,NA,NA,"0-0",121250,444844,0,1,2,"163018","2011-04-24T20:30:18Z","R","6-0","R","Jake Fox singles on a line drive to right fielder Nick Swisher.    Adam Jones to 2nd.  ",NA,"Single",NA,NA,NA,NA,NA,"Jake Fox","Mariano Rivera",NA,"2011_04_24"
"188","http://gd2.mlb.com/components/game/mlb/year_2011/month_04/day_24/gid_2011_04_24_nyamlb_balmlb_1/inning/inning_all.xml","bottom",9,"Y",72,"gid_2011_04_24_nyamlb_balmlb_1","2358850","In play, no out",NA,588,"X","163109","2011-04-24T20:31:09Z",88.41,153.69,"110424_163121",89.7,84.1,3.31,1.57,1.98,7.09,0.768,2.022,-2.278,50,5.984,7.27,-131.235,-6.587,3.517,23.59,-19.541,"23.9","-12.8","4.8","FC",0.902,14,50,164.444,1449.669,"","",430945,NA,NA,"0-1",121250,444844,0,1,2,"163018","2011-04-24T20:30:18Z","R","6-0","R","Jake Fox singles on a line drive to right fielder Nick Swisher.    Adam Jones to 2nd.  ",NA,"Single",NA,NA,NA,NA,NA,"Jake Fox","Mariano Rivera",NA,"2011_04_24"
"189","http://gd2.mlb.com/components/game/mlb/year_2011/month_04/day_30/gid_2011_04_30_tormlb_nyamlb_1/inning/inning_all.xml","top",9,"N",70,"gid_2011_04_30_tormlb_nyamlb_1","2382555","Swinging Strike",NA,558,"S","185203","2011-04-30T22:52:03Z",90.13,153.69,"110430_185200",91.3,85,3.62,1.74,1.76,7.02,0.396,2.159,-2.053,50,5.858,5.881,-133.603,-6.152,3.209,26.222,-19.298,"23.9","-11.8","4.6","FC",0.907,9,55,166.007,1440.961,"","",NA,NA,NA,"0-0",121250,150040,1,2,2,"185156","2011-04-30T22:51:56Z","R","6-2","R","Jose Molina doubles (4) on a line drive to center fielder Curtis Granderson.  ",NA,"Double",NA,NA,NA,NA,NA,"Jose Molina","Mariano Rivera",NA,"2011_04_30"
"190","http://gd2.mlb.com/components/game/mlb/year_2011/month_04/day_30/gid_2011_04_30_tormlb_nyamlb_1/inning/inning_all.xml","top",9,"N",70,"gid_2011_04_30_tormlb_nyamlb_1","2382556","Swinging Strike",NA,559,"S","185227","2011-04-30T22:52:27Z",69.53,143.33,"110430_185224",91.6,84.9,3.62,1.74,1.28,8.99,1.02,2.623,-2.065,50,5.926,7.737,-134,-5.802,2.344,27.498,-15.668,"23.8","-12.9","3.8","FC",0.919,14,46,171.919,1804.99,"","",NA,NA,NA,"0-1",121250,150040,1,2,2,"185156","2011-04-30T22:51:56Z","R","6-2","R","Jose Molina doubles (4) on a line drive to center fielder Curtis Granderson.  ",NA,"Double",NA,NA,NA,NA,NA,"Jose Molina","Mariano Rivera",NA,"2011_04_30"
"191","http://gd2.mlb.com/components/game/mlb/year_2011/month_04/day_30/gid_2011_04_30_tormlb_nyamlb_1/inning/inning_all.xml","top",9,"N",70,"gid_2011_04_30_tormlb_nyamlb_1","2382557","Foul",NA,560,"S","185248","2011-04-30T22:52:48Z",63.52,156.29,"110430_185245",92.4,85.3,3.62,1.74,2,8.09,1.067,2.048,-1.96,50,5.835,7.385,-135.154,-6.892,3.693,29.491,-17.139,"23.8","-15.6","4.2","FC",0.916,14,56,166.201,1661.873,"","",NA,NA,NA,"0-2",121250,150040,1,2,2,"185156","2011-04-30T22:51:56Z","R","6-2","R","Jose Molina doubles (4) on a line drive to center fielder Curtis Granderson.  ",NA,"Double",NA,NA,NA,NA,NA,"Jose Molina","Mariano Rivera",NA,"2011_04_30"
"192","http://gd2.mlb.com/components/game/mlb/year_2011/month_04/day_30/gid_2011_04_30_tormlb_nyamlb_1/inning/inning_all.xml","top",9,"N",70,"gid_2011_04_30_tormlb_nyamlb_1","2382558","Foul",NA,561,"S","185309","2011-04-30T22:53:09Z",84.98,122.61,"110430_185306",91.9,84.4,3.62,1.74,-2.21,11.82,0.481,3.534,-1.951,50,6.011,7.213,-134.478,-4.592,-4.035,29.64,-10.5,"23.8","12.1","2.6","FF",0.912,3,49,190.544,2378.42,"","",NA,NA,NA,"0-2",121250,150040,1,2,2,"185156","2011-04-30T22:51:56Z","R","6-2","R","Jose Molina doubles (4) on a line drive to center fielder Curtis Granderson.  ",NA,"Double",NA,NA,NA,NA,NA,"Jose Molina","Mariano Rivera",NA,"2011_04_30"
"193","http://gd2.mlb.com/components/game/mlb/year_2011/month_04/day_30/gid_2011_04_30_tormlb_nyamlb_1/inning/inning_all.xml","top",9,"N",70,"gid_2011_04_30_tormlb_nyamlb_1","2382559","Ball",NA,562,"B","185331","2011-04-30T22:53:31Z",31.76,170.96,"110430_185328",91,83.7,3.62,1.74,-0.74,11.74,2.108,1.369,-1.809,50,5.803,10.505,-132.755,-9.468,-1.312,29.116,-11.204,"23.8","-3.9","3.0","FC",0.875,14,40,183.578,2296.139,"","",NA,NA,NA,"0-2",121250,150040,1,2,2,"185156","2011-04-30T22:51:56Z","R","6-2","R","Jose Molina doubles (4) on a line drive to center fielder Curtis Granderson.  ",NA,"Double",NA,NA,NA,NA,NA,"Jose Molina","Mariano Rivera",NA,"2011_04_30"
"194","http://gd2.mlb.com/components/game/mlb/year_2011/month_04/day_30/gid_2011_04_30_tormlb_nyamlb_1/inning/inning_all.xml","top",9,"N",70,"gid_2011_04_30_tormlb_nyamlb_1","2382560","Foul",NA,563,"S","185352","2011-04-30T22:53:52Z",74.68,116.57,"110430_185349",92,84.5,3.62,1.74,0.18,10.01,0.807,3.758,-1.971,50,6.067,7.315,-134.674,-3.538,0.334,30.109,-13.77,"23.8","-7.5","3.3","FC",0.822,12,63,178.962,1982.906,"","",NA,NA,NA,"1-2",121250,150040,1,2,2,"185156","2011-04-30T22:51:56Z","R","6-2","R","Jose Molina doubles (4) on a line drive to center fielder Curtis Granderson.  ",NA,"Double",NA,NA,NA,NA,NA,"Jose Molina","Mariano Rivera",NA,"2011_04_30"
"195","http://gd2.mlb.com/components/game/mlb/year_2011/month_04/day_30/gid_2011_04_30_tormlb_nyamlb_1/inning/inning_all.xml","top",9,"N",70,"gid_2011_04_30_tormlb_nyamlb_1","2382561","Foul",NA,564,"S","185421","2011-04-30T22:54:21Z",72.1,178.73,"110430_185418",92.1,85.3,3.62,1.74,1.37,10.45,0.904,1.159,-1.977,50,5.744,7.193,-134.564,-9.784,2.52,28.07,-12.863,"23.8","-14.8","3.4","FC",0.912,14,46,172.567,2099.64,"","",NA,NA,NA,"1-2",121250,150040,1,2,2,"185156","2011-04-30T22:51:56Z","R","6-2","R","Jose Molina doubles (4) on a line drive to center fielder Curtis Granderson.  ",NA,"Double",NA,NA,NA,NA,NA,"Jose Molina","Mariano Rivera",NA,"2011_04_30"
"196","http://gd2.mlb.com/components/game/mlb/year_2011/month_04/day_30/gid_2011_04_30_tormlb_nyamlb_1/inning/inning_all.xml","top",9,"N",70,"gid_2011_04_30_tormlb_nyamlb_1","2382562","In play, no out",NA,565,"X","185448","2011-04-30T22:54:48Z",78.11,115.7,"110430_185446",91.3,83.4,3.62,1.74,1.07,8.37,0.746,3.734,-1.903,50,5.997,6.6,-133.767,-2.699,1.917,31.658,-17.099,"23.7","-11.0","4.1","FC",0.893,12,60,172.755,1648.139,"Mariano Rivera had Jose Molina down 0-2 but could not put him away.","",NA,NA,NA,"1-2",121250,150040,1,2,2,"185156","2011-04-30T22:51:56Z","R","6-2","R","Jose Molina doubles (4) on a line drive to center fielder Curtis Granderson.  ",NA,"Double",NA,NA,NA,NA,NA,"Jose Molina","Mariano Rivera",NA,"2011_04_30"
"199","http://gd2.mlb.com/components/game/mlb/year_2011/month_05/day_01/gid_2011_05_01_tormlb_nyamlb_1/inning/inning_all.xml","top",9,"N",70,"gid_2011_05_01_tormlb_nyamlb_1","2387093","Called Strike",NA,572,"S","160837","2011-05-01T20:08:37Z",86.7,141.61,"110501_160834",92.4,86,3.55,1.49,2.32,6.66,0.398,2.708,-1.892,50,5.862,5.334,-135.292,-4.797,4.335,26.779,-19.64,"23.9","-14.5","4.6","FC",0.912,6,49,160.923,1422.181,"","",NA,NA,NA,"0-0",121250,488862,0,1,3,"160828","2011-05-01T20:08:28Z","R","6-2","R","Yunel Escobar grounds out, shortstop Derek Jeter to first baseman Mark Teixeira.  ",NA,"Groundout",NA,NA,NA,NA,NA,"Yunel Escobar","Mariano Rivera",NA,"2011_05_01"
"200","http://gd2.mlb.com/components/game/mlb/year_2011/month_05/day_01/gid_2011_05_01_tormlb_nyamlb_1/inning/inning_all.xml","top",9,"N",70,"gid_2011_05_01_tormlb_nyamlb_1","2387094","In play, out(s)",NA,573,"X","160851","2011-05-01T20:08:51Z",127.9,145.92,"110501_160849",90.9,84.6,3.21,1.64,-2.43,3.05,-0.871,2.562,-2.015,50,5.944,3.855,-133.266,-3.9,-4.404,26.267,-26.565,"23.9","7.7","6.1","FF",0.957,11,48,218.137,776.344,"","",NA,NA,NA,"0-1",121250,488862,0,1,3,"160828","2011-05-01T20:08:28Z","R","6-2","R","Yunel Escobar grounds out, shortstop Derek Jeter to first baseman Mark Teixeira.  ",NA,"Groundout",NA,NA,NA,NA,NA,"Yunel Escobar","Mariano Rivera",NA,"2011_05_01"
"201","http://gd2.mlb.com/components/game/mlb/year_2011/month_05/day_06/gid_2011_05_06_nyamlb_texmlb_1/inning/inning_all.xml","bottom",9,"N",69,"gid_2011_05_06_nyamlb_texmlb_1","2405373","Called Strike",NA,569,"S","225310","2011-05-07T02:53:10Z",121.89,144.2,"110506_195309",92,86.5,3.53,1.55,-0.76,5.18,-0.578,2.566,-2.191,50,5.939,4.596,-134.75,-4.888,-1.432,23.356,-22.366,"23.9","1.7","5.0","FC",0.706,4,52,188.305,1067.171,"","",NA,NA,NA,"0-0",121250,134181,1,3,3,"225301","2011-05-07T02:53:01Z","R","5-11","R","Adrian Beltre called out on strikes.  ",NA,"Strikeout",NA,NA,NA,NA,NA,"Adrian Beltre","Mariano Rivera",NA,"2011_05_06"
"202","http://gd2.mlb.com/components/game/mlb/year_2011/month_05/day_06/gid_2011_05_06_nyamlb_texmlb_1/inning/inning_all.xml","bottom",9,"N",69,"gid_2011_05_06_nyamlb_texmlb_1","2405374","Ball",NA,570,"B","225325","2011-05-07T02:53:25Z",131.33,115.7,"110506_195325",91,84.8,3.46,1.59,1.27,6.5,-0.902,3.786,-2.326,50,5.998,3.335,-133.466,-2.041,2.314,25.266,-20.233,"23.9","-8.1","4.6","FC",0.904,11,64,169.034,1322.14,"","",NA,NA,NA,"0-1",121250,134181,1,3,3,"225301","2011-05-07T02:53:01Z","R","5-11","R","Adrian Beltre called out on strikes.  ",NA,"Strikeout",NA,NA,NA,NA,NA,"Adrian Beltre","Mariano Rivera",NA,"2011_05_06"
"203","http://gd2.mlb.com/components/game/mlb/year_2011/month_05/day_06/gid_2011_05_06_nyamlb_texmlb_1/inning/inning_all.xml","bottom",9,"N",69,"gid_2011_05_06_nyamlb_texmlb_1","2405375","Swinging Strike",NA,571,"S","225341","2011-05-07T02:53:41Z",82.4,130.38,"110506_195340",91.4,85.8,3.4,1.55,3.81,6.56,0.586,3.215,-2.128,50,5.992,5.908,-133.887,-3.657,7.052,23.657,-19.953,"23.9","-21.3","4.8","FC",0.906,3,49,150.015,1528.908,"","",NA,NA,NA,"1-1",121250,134181,1,3,3,"225301","2011-05-07T02:53:01Z","R","5-11","R","Adrian Beltre called out on strikes.  ",NA,"Strikeout",NA,NA,NA,NA,NA,"Adrian Beltre","Mariano Rivera",NA,"2011_05_06"
"204","http://gd2.mlb.com/components/game/mlb/year_2011/month_05/day_06/gid_2011_05_06_nyamlb_texmlb_1/inning/inning_all.xml","bottom",9,"N",69,"gid_2011_05_06_nyamlb_texmlb_1","2405376","Called Strike",NA,572,"S","225358","2011-05-07T02:53:58Z",141.63,145.92,"110506_195357",90.1,84.2,3.39,1.55,5.69,4.23,-1.284,2.428,-2.61,50,5.863,1.532,-132.079,-4.327,10.182,24.787,-24.524,"23.9","-22.4","6.2","FC",0.886,13,44,126.919,1398.904,"","",NA,NA,NA,"1-2",121250,134181,1,3,3,"225301","2011-05-07T02:53:01Z","R","5-11","R","Adrian Beltre called out on strikes.  ",NA,"Strikeout",NA,NA,NA,NA,NA,"Adrian Beltre","Mariano Rivera",NA,"2011_05_06"
"205","http://gd2.mlb.com/components/game/mlb/year_2011/month_05/day_01/gid_2011_05_01_tormlb_nyamlb_1/inning/inning_all.xml","top",9,"N",69,"gid_2011_05_01_tormlb_nyamlb_1","2387088","Called Strike",NA,564,"S","160701","2011-05-01T20:07:01Z",128.76,140.74,"110501_160659",90.3,84.6,3.6,1.49,-2.07,3.55,-0.868,2.837,-2.129,50,5.963,4.027,-132.28,-3.344,-3.74,23.334,-25.698,"23.9","6.7","5.9","FF",0.906,11,69,210.006,820.192,"","",NA,NA,NA,"0-0",121250,434658,2,2,2,"160703","2011-05-01T20:07:03Z","R","5-9","R","Rajai Davis pops out softly to second baseman Eduardo Nunez.  ",NA,"Pop Out",NA,NA,NA,NA,NA,"Rajai Davis","Mariano Rivera",NA,"2011_05_01"
"206","http://gd2.mlb.com/components/game/mlb/year_2011/month_05/day_01/gid_2011_05_01_tormlb_nyamlb_1/inning/inning_all.xml","top",9,"N",69,"gid_2011_05_01_tormlb_nyamlb_1","2387089","Ball",NA,565,"B","160716","2011-05-01T20:07:16Z",162.23,154.56,"110501_160714",89.9,83.9,3.76,1.56,-2.74,4.77,-1.839,2.191,-2.047,50,5.883,1.476,-131.807,-5.137,-4.872,25.033,-23.614,"23.9","10.6","5.7","FF",0.928,13,26,209.645,1084.107,"","",NA,NA,NA,"0-1",121250,434658,2,2,2,"160703","2011-05-01T20:07:03Z","R","5-9","R","Rajai Davis pops out softly to second baseman Eduardo Nunez.  ",NA,"Pop Out",NA,NA,NA,NA,NA,"Rajai Davis","Mariano Rivera",NA,"2011_05_01"
"207","http://gd2.mlb.com/components/game/mlb/year_2011/month_05/day_01/gid_2011_05_01_tormlb_nyamlb_1/inning/inning_all.xml","top",9,"N",69,"gid_2011_05_01_tormlb_nyamlb_1","2387090","Called Strike",NA,566,"S","160729","2011-05-01T20:07:29Z",76.39,155.42,"110501_160727",91.1,84.8,3.73,1.63,4.09,9.79,0.74,2.144,-1.87,50,5.854,5.494,-133.369,-7.097,7.426,26.294,-14.316,"23.9","-28.3","4.0","FC",0.9,14,56,157.422,2103.848,"","",NA,NA,NA,"1-1",121250,434658,2,2,2,"160703","2011-05-01T20:07:03Z","R","5-9","R","Rajai Davis pops out softly to second baseman Eduardo Nunez.  ",NA,"Pop Out",NA,NA,NA,NA,NA,"Rajai Davis","Mariano Rivera",NA,"2011_05_01"
"208","http://gd2.mlb.com/components/game/mlb/year_2011/month_05/day_01/gid_2011_05_01_tormlb_nyamlb_1/inning/inning_all.xml","top",9,"N",69,"gid_2011_05_01_tormlb_nyamlb_1","2387091","Ball",NA,567,"B","160746","2011-05-01T20:07:46Z",137.34,162.33,"110501_160743",90.9,84.9,3.57,1.52,-2.96,5.19,-1.215,1.991,-2.052,50,5.821,3.231,-133.117,-5.839,-5.388,24.81,-22.655,"23.9","11.5","5.4","FF",0.948,13,53,209.51,1192.094,"","",NA,NA,NA,"1-2",121250,434658,2,2,2,"160703","2011-05-01T20:07:03Z","R","5-9","R","Rajai Davis pops out softly to second baseman Eduardo Nunez.  ",NA,"Pop Out",NA,NA,NA,NA,NA,"Rajai Davis","Mariano Rivera",NA,"2011_05_01"
"209","http://gd2.mlb.com/components/game/mlb/year_2011/month_05/day_01/gid_2011_05_01_tormlb_nyamlb_1/inning/inning_all.xml","top",9,"N",69,"gid_2011_05_01_tormlb_nyamlb_1","2387092","In play, out(s)",NA,568,"X","160805","2011-05-01T20:08:05Z",103,139.88,"110501_160802",90.8,84.9,3.25,0.74,3.53,8.63,-0.057,2.752,-1.931,50,5.899,3.736,-132.969,-5.214,6.427,24.245,-16.395,"23.9","-22.2","4.2","FC",0.901,2,34,157.84,1858.929,"","",NA,NA,NA,"2-2",121250,434658,2,2,2,"160703","2011-05-01T20:07:03Z","R","5-9","R","Rajai Davis pops out softly to second baseman Eduardo Nunez.  ",NA,"Pop Out",NA,NA,NA,NA,NA,"Rajai Davis","Mariano Rivera",NA,"2011_05_01"
"210","http://gd2.mlb.com/components/game/mlb/year_2011/month_05/day_01/gid_2011_05_01_tormlb_nyamlb_1/inning/inning_all.xml","top",9,"N",68,"gid_2011_05_01_tormlb_nyamlb_1","2387086","Foul",NA,559,"S","160606","2011-05-01T20:06:06Z",110.73,141.61,"110501_160604",90.4,84.3,3.06,1.36,1.95,7.82,-0.276,2.767,-2.08,50,5.909,4.073,-132.449,-4.83,3.511,24.884,-18.035,"23.9","-12.6","4.4","FC",0.907,1,53,166.056,1595.753,"","",NA,NA,NA,"0-0",121250,150348,0,1,1,"160546","2011-05-01T20:05:46Z","R","5-9","R","John McDonald flies out to center fielder Curtis Granderson.  ",NA,"Flyout",NA,NA,NA,NA,NA,"John McDonald","Mariano Rivera",NA,"2011_05_01"
"211","http://gd2.mlb.com/components/game/mlb/year_2011/month_05/day_01/gid_2011_05_01_tormlb_nyamlb_1/inning/inning_all.xml","top",9,"N",68,"gid_2011_05_01_tormlb_nyamlb_1","2387087","In play, out(s)",NA,560,"X","160626","2011-05-01T20:06:26Z",90.13,145.06,"110501_160624",90.6,84.7,3.06,1.36,4.92,8.34,0.346,2.599,-1.847,50,5.89,4.096,-132.761,-5.457,8.908,24.474,-16.993,"23.9","-28.1","4.6","FC",0.895,3,35,149.597,1923.46,"","",NA,NA,NA,"0-1",121250,150348,0,1,1,"160546","2011-05-01T20:05:46Z","R","5-9","R","John McDonald flies out to center fielder Curtis Granderson.  ",NA,"Flyout",NA,NA,NA,NA,NA,"John McDonald","Mariano Rivera",NA,"2011_05_01"
"212","http://gd2.mlb.com/components/game/mlb/year_2011/month_05/day_06/gid_2011_05_06_nyamlb_texmlb_1/inning/inning_all.xml","bottom",9,"N",68,"gid_2011_05_06_nyamlb_texmlb_1","2405368","Ball",NA,561,"B","225113","2011-05-07T02:51:13Z",143.35,158.88,"110506_195112",91,84.9,3.36,1.56,-5.14,3.99,-1.328,1.932,-2.222,50,5.897,4.133,-133.334,-5.786,-9.356,25.911,-24.836,"23.9","18.4","6.1","FF",0.982,13,45,231.892,1293.769,"","",NA,NA,NA,"0-0",121250,276545,2,2,2,"225110","2011-05-07T02:51:10Z","R","6-1","R","Michael Young grounds out, third baseman Alex Rodriguez to first baseman Mark Teixeira.  ",NA,"Groundout",NA,NA,NA,NA,NA,"Michael Young","Mariano Rivera",NA,"2011_05_06"
"213","http://gd2.mlb.com/components/game/mlb/year_2011/month_05/day_06/gid_2011_05_06_nyamlb_texmlb_1/inning/inning_all.xml","bottom",9,"N",68,"gid_2011_05_06_nyamlb_texmlb_1","2405369","Called Strike",NA,562,"S","225128","2011-05-07T02:51:28Z",91.85,122.61,"110506_195127",91.8,86.3,3.33,1.56,4.5,9.75,0.216,3.478,-2.139,50,6.004,4.745,-134.557,-4.198,8.436,22.808,-13.813,"23.9","-32.4","3.7","FC",0.903,12,49,155.325,2178.62,"","",NA,NA,NA,"1-0",121250,276545,2,2,2,"225110","2011-05-07T02:51:10Z","R","6-1","R","Michael Young grounds out, third baseman Alex Rodriguez to first baseman Mark Teixeira.  ",NA,"Groundout",NA,NA,NA,NA,NA,"Michael Young","Mariano Rivera",NA,"2011_05_06"
"214","http://gd2.mlb.com/components/game/mlb/year_2011/month_05/day_06/gid_2011_05_06_nyamlb_texmlb_1/inning/inning_all.xml","bottom",9,"N",68,"gid_2011_05_06_nyamlb_texmlb_1","2405370","Ball",NA,563,"B","225145","2011-05-07T02:51:45Z",51.5,152.83,"110506_195144",91.3,85.8,3.4,1.63,4.73,9.26,1.518,2.138,-2,50,5.785,7.711,-133.444,-6.857,8.708,23.12,-15.057,"23.9","-31.5","4.2","FC",0.898,14,23,153.037,2087.906,"","",NA,NA,NA,"1-1",121250,276545,2,2,2,"225110","2011-05-07T02:51:10Z","R","6-1","R","Michael Young grounds out, third baseman Alex Rodriguez to first baseman Mark Teixeira.  ",NA,"Groundout",NA,NA,NA,NA,NA,"Michael Young","Mariano Rivera",NA,"2011_05_06"
"215","http://gd2.mlb.com/components/game/mlb/year_2011/month_05/day_06/gid_2011_05_06_nyamlb_texmlb_1/inning/inning_all.xml","bottom",9,"N",68,"gid_2011_05_06_nyamlb_texmlb_1","2405371","Foul",NA,564,"S","225202","2011-05-07T02:52:02Z",101.29,139.88,"110506_195201",91.9,86.1,3.26,1.63,3.33,9.77,0.078,2.823,-2.244,50,5.878,5.055,-134.509,-5.595,6.224,23.707,-13.849,"23.9","-25.5","3.5","FC",0.906,2,26,161.242,2087.383,"","",NA,NA,NA,"2-1",121250,276545,2,2,2,"225110","2011-05-07T02:51:10Z","R","6-1","R","Michael Young grounds out, third baseman Alex Rodriguez to first baseman Mark Teixeira.  ",NA,"Groundout",NA,NA,NA,NA,NA,"Michael Young","Mariano Rivera",NA,"2011_05_06"
"216","http://gd2.mlb.com/components/game/mlb/year_2011/month_05/day_06/gid_2011_05_06_nyamlb_texmlb_1/inning/inning_all.xml","bottom",9,"N",68,"gid_2011_05_06_nyamlb_texmlb_1","2405372","In play, out(s)",NA,565,"X","225231","2011-05-07T02:52:31Z",124.46,140.74,"110506_195230",91.1,85.5,3.26,1.63,-1.44,5.4,-0.791,2.69,-2.237,50,5.892,4.341,-133.497,-4.342,-2.649,23.263,-22.159,"23.9","4.8","5.0","FF",0.547,11,48,194.814,1125.812,"","",NA,NA,NA,"2-2",121250,276545,2,2,2,"225110","2011-05-07T02:51:10Z","R","6-1","R","Michael Young grounds out, third baseman Alex Rodriguez to first baseman Mark Teixeira.  ",NA,"Groundout",NA,NA,NA,NA,NA,"Michael Young","Mariano Rivera",NA,"2011_05_06"
"221","http://gd2.mlb.com/components/game/mlb/year_2011/month_05/day_06/gid_2011_05_06_nyamlb_texmlb_1/inning/inning_all.xml","bottom",9,"N",67,"gid_2011_05_06_nyamlb_texmlb_1","2405363","Called Strike",NA,553,"S","224911","2011-05-07T02:49:11Z",73.82,125.2,"110506_194910",91.5,84.7,3.46,1.51,5.03,8.12,0.794,3.221,-2.118,50,6.073,5.981,-133.953,-4.29,9.175,27.903,-17.292,"23.8","-29.7","4.6","FC",0.905,12,72,148.347,1893.5,"","",NA,NA,NA,"0-0",121250,462101,1,3,1,"224907","2011-05-07T02:49:07Z","R","6-0","R","Elvis Andrus strikes out swinging.  ",NA,"Strikeout",NA,NA,NA,NA,NA,"Elvis Andrus","Mariano Rivera",NA,"2011_05_06"
"222","http://gd2.mlb.com/components/game/mlb/year_2011/month_05/day_06/gid_2011_05_06_nyamlb_texmlb_1/inning/inning_all.xml","bottom",9,"N",67,"gid_2011_05_06_nyamlb_texmlb_1","2405364","Foul",NA,554,"S","224929","2011-05-07T02:49:29Z",134.76,134.7,"110506_194928",91.1,85.2,3.17,1.38,-0.89,4.92,-0.977,2.944,-2.229,50,6.026,3.631,-133.561,-3.827,-1.626,24.637,-23.084,"23.9","2.4","5.2","FC",0.583,11,57,190.14,1003.057,"","",NA,NA,NA,"0-1",121250,462101,1,3,1,"224907","2011-05-07T02:49:07Z","R","6-0","R","Elvis Andrus strikes out swinging.  ",NA,"Strikeout",NA,NA,NA,NA,NA,"Elvis Andrus","Mariano Rivera",NA,"2011_05_06"
"223","http://gd2.mlb.com/components/game/mlb/year_2011/month_05/day_06/gid_2011_05_06_nyamlb_texmlb_1/inning/inning_all.xml","bottom",9,"N",67,"gid_2011_05_06_nyamlb_texmlb_1","2405365","Foul",NA,555,"S","224956","2011-05-07T02:49:56Z",93.56,140.74,"110506_194955",91.6,85.5,3.17,1.38,4.02,7.94,0.106,2.811,-2.169,50,5.955,4.666,-134.138,-5.098,7.418,25.392,-17.439,"23.9","-24.2","4.4","FC",0.902,2,30,153.279,1784.235,"","",NA,NA,NA,"0-2",121250,462101,1,3,1,"224907","2011-05-07T02:49:07Z","R","6-0","R","Elvis Andrus strikes out swinging.  ",NA,"Strikeout",NA,NA,NA,NA,NA,"Elvis Andrus","Mariano Rivera",NA,"2011_05_06"
"224","http://gd2.mlb.com/components/game/mlb/year_2011/month_05/day_06/gid_2011_05_06_nyamlb_texmlb_1/inning/inning_all.xml","bottom",9,"N",67,"gid_2011_05_06_nyamlb_texmlb_1","2405366","Ball",NA,556,"B","225016","2011-05-07T02:50:16Z",90.99,82.89,"110506_195015",90,83.4,3.17,1.45,2.81,9.12,0.373,5.079,-2.045,50,6.15,5.362,-131.876,0.245,4.996,25.761,-15.9,"23.8","-20.8","3.9","FC",0.93,12,29,162.935,1872.785,"","",NA,NA,NA,"0-2",121250,462101,1,3,1,"224907","2011-05-07T02:49:07Z","R","6-0","R","Elvis Andrus strikes out swinging.  ",NA,"Strikeout",NA,NA,NA,NA,NA,"Elvis Andrus","Mariano Rivera",NA,"2011_05_06"
"225","http://gd2.mlb.com/components/game/mlb/year_2011/month_05/day_06/gid_2011_05_06_nyamlb_texmlb_1/inning/inning_all.xml","bottom",9,"N",67,"gid_2011_05_06_nyamlb_texmlb_1","2405367","Swinging Strike",NA,557,"S","225035","2011-05-07T02:50:35Z",133.91,150.24,"110506_195034",92,86.2,3.17,1.38,-2.5,4.12,-0.956,2.238,-2.298,50,5.87,4.468,-134.803,-5.177,-4.674,24.844,-24.394,"23.9","8.8","5.5","FF",0.942,13,46,210.995,976.786,"","",NA,NA,NA,"1-2",121250,462101,1,3,1,"224907","2011-05-07T02:49:07Z","R","6-0","R","Elvis Andrus strikes out swinging.  ",NA,"Strikeout",NA,NA,NA,NA,NA,"Elvis Andrus","Mariano Rivera",NA,"2011_05_06"
"226","http://gd2.mlb.com/components/game/mlb/year_2011/month_05/day_02/gid_2011_05_02_nyamlb_detmlb_1/inning/inning_all.xml","bottom",9,"N",77,"gid_2011_05_02_nyamlb_detmlb_1","2388787","Ball",NA,650,"B","222053","2011-05-03T02:20:53Z",139.06,143.33,"110502_222047",91.3,83.5,3.62,1.69,3.1,9.76,-1.275,2.681,-2.538,50,6.068,2.26,-133.683,-6.126,5.561,31.351,-14.604,"23.7","-20.7","3.9","FC",0.908,11,60,162.439,1999.995,"","",NA,NA,NA,"0-0",121250,425509,1,1,2,"222039","2011-05-03T02:20:39Z","R","6-2","R","Jhonny Peralta grounds out, third baseman Alex Rodriguez to first baseman Mark Teixeira.  ",NA,"Groundout",NA,NA,NA,NA,NA,"Jhonny Peralta","Mariano Rivera",NA,"2011_05_02"
"227","http://gd2.mlb.com/components/game/mlb/year_2011/month_05/day_02/gid_2011_05_02_nyamlb_detmlb_1/inning/inning_all.xml","bottom",9,"N",77,"gid_2011_05_02_nyamlb_detmlb_1","2388788","Called Strike",NA,651,"S","222108","2011-05-03T02:21:08Z",99.57,134.7,"110502_222102",91.4,84.2,3.68,1.67,1.09,7.59,-0.104,2.735,-2.139,50,6.059,5,-133.9,-5.307,1.977,29.394,-18.352,"23.8","-8.8","4.4","FC",0.905,5,20,171.862,1512.83,"","",NA,NA,NA,"1-0",121250,425509,1,1,2,"222039","2011-05-03T02:20:39Z","R","6-2","R","Jhonny Peralta grounds out, third baseman Alex Rodriguez to first baseman Mark Teixeira.  ",NA,"Groundout",NA,NA,NA,NA,NA,"Jhonny Peralta","Mariano Rivera",NA,"2011_05_02"
"228","http://gd2.mlb.com/components/game/mlb/year_2011/month_05/day_02/gid_2011_05_02_nyamlb_detmlb_1/inning/inning_all.xml","bottom",9,"N",77,"gid_2011_05_02_nyamlb_detmlb_1","2388789","In play, out(s)",NA,652,"X","222127","2011-05-03T02:21:27Z",116.74,148.51,"110502_222122",91.6,83.9,3.62,1.63,-4.13,6.53,-0.433,2.294,-2.279,50,5.996,6.281,-134.024,-5.906,-7.45,31.167,-20.327,"23.8","15.6","5.1","FF",0.976,4,37,212.163,1514.906,"Mariano Rivera is trying to tie up Jhonny Peralta with fastballs inside, where Jhonny Peralta hits .158.","",NA,NA,NA,"1-1",121250,425509,1,1,2,"222039","2011-05-03T02:20:39Z","R","6-2","R","Jhonny Peralta grounds out, third baseman Alex Rodriguez to first baseman Mark Teixeira.  ",NA,"Groundout",NA,NA,NA,NA,NA,"Jhonny Peralta","Mariano Rivera",NA,"2011_05_02"
"229","http://gd2.mlb.com/components/game/mlb/year_2011/month_05/day_02/gid_2011_05_02_nyamlb_detmlb_1/inning/inning_all.xml","bottom",9,"N",76,"gid_2011_05_02_nyamlb_detmlb_1","2388785","Called Strike",NA,645,"S","221957","2011-05-03T02:19:57Z",83.26,152.83,"110502_221952",90.6,84,3.45,1.6,1.05,9.86,0.542,2.018,-2.099,50,6.018,6.563,-132.487,-7.725,1.878,26.893,-14.478,"23.8","-11.1","3.7","FC",0.911,9,60,173.944,1948.66,"","",NA,NA,NA,"0-0",121250,430605,0,1,1,"221943","2011-05-03T02:19:43Z","R","6-0","R","Ryan Raburn grounds out, second baseman Eduardo Nunez to first baseman Mark Teixeira.  ",NA,"Groundout",NA,NA,NA,NA,NA,"Ryan Raburn","Mariano Rivera",NA,"2011_05_02"
"230","http://gd2.mlb.com/components/game/mlb/year_2011/month_05/day_02/gid_2011_05_02_nyamlb_detmlb_1/inning/inning_all.xml","bottom",9,"N",76,"gid_2011_05_02_nyamlb_detmlb_1","2388786","In play, out(s)",NA,646,"X","222012","2011-05-03T02:20:12Z",62.66,139.02,"110502_222007",91.3,84.3,3.45,1.64,2.05,7.35,1.095,2.699,-2.109,50,6.036,7.75,-133.643,-5.236,3.701,28.984,-18.818,"23.8","-14.9","4.6","FC",0.918,12,47,164.513,1504.517,"Mariano Rivera got Ryan Raburn to chase a cutter that he doesn't like to hit.","",NA,NA,NA,"0-1",121250,430605,0,1,1,"221943","2011-05-03T02:19:43Z","R","6-0","R","Ryan Raburn grounds out, second baseman Eduardo Nunez to first baseman Mark Teixeira.  ",NA,"Groundout",NA,NA,NA,NA,NA,"Ryan Raburn","Mariano Rivera",NA,"2011_05_02"
"236","http://gd2.mlb.com/components/game/mlb/year_2011/month_05/day_10/gid_2011_05_10_kcamlb_nyamlb_1/inning/inning_all.xml","top",9,"N",68,"gid_2011_05_10_kcamlb_nyamlb_1","2418975","Ball",NA,565,"B","215916","2011-05-11T01:59:16Z",69.53,173.55,"110510_215914",90.2,83.2,3.49,1.48,-1.1,8.93,0.898,1.387,-1.985,50,5.76,7.874,-131.836,-8.227,-1.936,28.285,-16.397,"23.8","1.1","4.2","FC",0.783,14,81,186.994,1749.194,"","",425796,NA,NA,"0-0",121250,449107,3,2,3,"215909","2011-05-11T01:59:09Z","R","5-10","R","Mike Aviles grounds into double play, pitcher Mariano Rivera to second baseman Robinson Cano to first baseman Mark Teixeira.    Jeff Francoeur out at 2nd.  ",NA,"Grounded Into DP",NA,NA,NA,NA,NA,"Mike Aviles","Mariano Rivera",NA,"2011_05_10"
"237","http://gd2.mlb.com/components/game/mlb/year_2011/month_05/day_10/gid_2011_05_10_kcamlb_nyamlb_1/inning/inning_all.xml","top",9,"N",68,"gid_2011_05_10_kcamlb_nyamlb_1","2418976","Foul",NA,566,"S","215935","2011-05-11T01:59:35Z",74.68,149.38,"110510_215933",91.3,84.5,3.09,1.39,4.17,8.08,0.808,2.339,-2.099,50,5.829,6.245,-133.601,-5.906,7.564,28.128,-17.466,"23.8","-25.2","4.6","FC",0.905,12,45,152.786,1795.984,"","",425796,NA,NA,"1-0",121250,449107,3,2,3,"215909","2011-05-11T01:59:09Z","R","5-10","R","Mike Aviles grounds into double play, pitcher Mariano Rivera to second baseman Robinson Cano to first baseman Mark Teixeira.    Jeff Francoeur out at 2nd.  ",NA,"Grounded Into DP",NA,NA,NA,NA,NA,"Mike Aviles","Mariano Rivera",NA,"2011_05_10"
